[{"a":56960000,"p":"6489.75000000","q":"0.01248300","f":64232155,"l":64232155,"T":1534529026923,"m":false}, {"a":56960001,"p":"6489.75000000","q":"0.00960800","f":64232156,"l":64232156,"T":1534529027423,"m":false}, {"a":56960002,"p":"6488.63000000","q":"0.00197900","f":64232157,"l":64232157,"T":1534529027573,"m":true}, {"a":56960003,"p":"6488.63000000","q":"0.37870400","f":64232158,"l":64232158,"T":1534529028001,"m":true}, {"a":56960004,"p":"6488.50000000","q":"1.55465500","f":64232159,"l":64232159,"T":1534529028001,"m":true}, {"a":56960005,"p":"6488.50000000","q":"0.03653500","f":64232160,"l":64232160,"T":1534529028038,"m":true}, {"a":56960006,"p":"6488.50000000","q":"0.08996400","f":64232161,"l":64232161,"T":1534529028051,"m":true}, {"a":56960007,"p":"6488.50000000","q":"0.04472800","f":64232162,"l":64232162,"T":1534529028055,"m":true}, {"a":56960008,"p":"6488.51000000","q":"0.01082700","f":64232163,"l":64232163,"T":1534529028216,"m":true}, {"a":56960009,"p":"6488.51000000","q":"0.00884600","f":64232164,"l":64232164,"T":1534529028244,"m":true}, {"a":56960010,"p":"6489.75000000","q":"0.00970700","f":64232165,"l":64232165,"T":1534529028397,"m":false}, {"a":56960011,"p":"6489.75000000","q":"0.03979200","f":64232166,"l":64232166,"T":1534529028908,"m":false}, {"a":56960012,"p":"6488.51000000","q":"0.00319000","f":64232167,"l":64232167,"T":1534529029143,"m":true}, {"a":56960013,"p":"6489.13000000","q":"0.33110500","f":64232168,"l":64232168,"T":1534529029164,"m":false}, {"a":56960014,"p":"6488.51000000","q":"0.43597500","f":64232169,"l":64232170,"T":1534529029174,"m":true}, {"a":56960015,"p":"6488.51000000","q":"0.15906400","f":64232171,"l":64232171,"T":1534529029190,"m":true}, {"a":56960016,"p":"6488.50000000","q":"0.02998200","f":64232172,"l":64232172,"T":1534529029227,"m":true}, {"a":56960017,"p":"6488.51000000","q":"0.02286300","f":64232173,"l":64232173,"T":1534529029941,"m":false}, {"a":56960018,"p":"6489.75000000","q":"0.04640600","f":64232174,"l":64232174,"T":1534529029941,"m":false}, {"a":56960019,"p":"6488.50000000","q":"1.86374300","f":64232175,"l":64232175,"T":1534529030063,"m":true}, {"a":56960020,"p":"6488.50000000","q":"0.00231800","f":64232176,"l":64232176,"T":1534529030402,"m":true}, {"a":56960021,"p":"6488.50000000","q":"0.44931200","f":64232177,"l":64232177,"T":1534529030927,"m":true}, {"a":56960022,"p":"6488.50000000","q":"0.01801300","f":64232178,"l":64232178,"T":1534529031014,"m":true}, {"a":56960023,"p":"6488.50000000","q":"1.99900000","f":64232179,"l":64232179,"T":1534529031053,"m":true}, {"a":56960024,"p":"6488.50000000","q":"0.11099900","f":64232180,"l":64232180,"T":1534529031069,"m":true}, {"a":56960025,"p":"6488.50000000","q":"0.00653400","f":64232181,"l":64232181,"T":1534529031208,"m":true}, {"a":56960026,"p":"6488.50000000","q":"0.24686700","f":64232182,"l":64232182,"T":1534529031215,"m":true}, {"a":56960027,"p":"6488.50000000","q":"0.19901200","f":64232183,"l":64232183,"T":1534529031234,"m":true}, {"a":56960028,"p":"6488.50000000","q":"0.20468300","f":64232184,"l":64232184,"T":1534529031388,"m":true}, {"a":56960029,"p":"6488.50000000","q":"0.10510100","f":64232185,"l":64232185,"T":1534529031701,"m":true}, {"a":56960030,"p":"6488.50000000","q":"0.03427000","f":64232186,"l":64232186,"T":1534529031786,"m":true}, {"a":56960031,"p":"6488.50000000","q":"0.01682600","f":64232187,"l":64232187,"T":1534529031865,"m":true}, {"a":56960032,"p":"6488.52000000","q":"0.35895700","f":64232188,"l":64232188,"T":1534529032580,"m":true}, {"a":56960033,"p":"6488.52000000","q":"0.00000100","f":64232189,"l":64232189,"T":1534529032615,"m":true}, {"a":56960034,"p":"6488.51000000","q":"0.00273000","f":64232190,"l":64232190,"T":1534529032615,"m":true}, {"a":56960035,"p":"6488.50000000","q":"0.11867800","f":64232191,"l":64232191,"T":1534529032615,"m":true}, {"a":56960036,"p":"6488.50000000","q":"0.19782000","f":64232192,"l":64232192,"T":1534529032706,"m":true}, {"a":56960037,"p":"6488.50000000","q":"0.01371700","f":64232193,"l":64232193,"T":1534529032994,"m":true}, {"a":56960038,"p":"6488.50000000","q":"0.03843400","f":64232194,"l":64232194,"T":1534529032998,"m":true}, {"a":56960039,"p":"6488.50000000","q":"0.01686500","f":64232195,"l":64232195,"T":1534529033108,"m":true}, {"a":56960040,"p":"6488.50000000","q":"0.05060600","f":64232196,"l":64232197,"T":1534529033151,"m":true}, {"a":56960041,"p":"6488.26000000","q":"0.04790000","f":64232198,"l":64232198,"T":1534529033151,"m":true}, {"a":56960042,"p":"6488.00000000","q":"0.12578500","f":64232199,"l":64232199,"T":1534529033151,"m":true}, {"a":56960043,"p":"6488.00000000","q":"0.00198700","f":64232200,"l":64232200,"T":1534529033438,"m":true}, {"a":56960044,"p":"6489.75000000","q":"0.07115200","f":64232201,"l":64232202,"T":1534529033519,"m":false}, {"a":56960045,"p":"6489.76000000","q":"0.00184000","f":64232203,"l":64232203,"T":1534529033519,"m":false}, {"a":56960046,"p":"6489.76000000","q":"0.13309800","f":64232204,"l":64232204,"T":1534529033742,"m":true}, {"a":56960047,"p":"6488.00000000","q":"0.11389800","f":64232205,"l":64232205,"T":1534529033742,"m":true}, {"a":56960048,"p":"6488.00000000","q":"0.05051700","f":64232206,"l":64232206,"T":1534529034592,"m":true}, {"a":56960049,"p":"6488.00000000","q":"0.07017900","f":64232207,"l":64232207,"T":1534529034617,"m":true}, {"a":56960050,"p":"6488.00000000","q":"0.38676000","f":64232208,"l":64232210,"T":1534529034739,"m":true}, {"a":56960051,"p":"6488.00000000","q":"0.01687500","f":64232211,"l":64232211,"T":1534529034825,"m":true}, {"a":56960052,"p":"6488.00000000","q":"0.15373100","f":64232212,"l":64232212,"T":1534529034901,"m":true}, {"a":56960053,"p":"6488.00000000","q":"0.09713400","f":64232213,"l":64232213,"T":1534529035299,"m":true}, {"a":56960054,"p":"6488.01000000","q":"0.23861900","f":64232214,"l":64232214,"T":1534529035570,"m":false}, {"a":56960055,"p":"6488.00000000","q":"0.01572400","f":64232215,"l":64232215,"T":1534529035844,"m":true}, {"a":56960056,"p":"6488.01000000","q":"0.02000000","f":64232216,"l":64232216,"T":1534529036052,"m":false}, {"a":56960057,"p":"6488.00000000","q":"0.04410000","f":64232217,"l":64232217,"T":1534529037034,"m":true}, {"a":56960058,"p":"6488.00000000","q":"0.00866700","f":64232218,"l":64232218,"T":1534529037149,"m":true}, {"a":56960059,"p":"6488.01000000","q":"0.00200000","f":64232219,"l":64232219,"T":1534529037318,"m":false}, {"a":56960060,"p":"6488.01000000","q":"0.00013400","f":64232220,"l":64232220,"T":1534529037345,"m":false}, {"a":56960061,"p":"6488.01000000","q":"0.00156800","f":64232221,"l":64232221,"T":1534529037440,"m":false}, {"a":56960062,"p":"6488.01000000","q":"0.02488600","f":64232222,"l":64232222,"T":1534529037687,"m":false}, {"a":56960063,"p":"6488.00000000","q":"0.05973200","f":64232223,"l":64232223,"T":1534529038113,"m":true}, {"a":56960064,"p":"6488.00000000","q":"0.00357600","f":64232224,"l":64232224,"T":1534529038166,"m":true}, {"a":56960065,"p":"6488.00000000","q":"6.38575700","f":64232225,"l":64232225,"T":1534529038373,"m":true}, {"a":56960066,"p":"6487.84000000","q":"0.00244100","f":64232226,"l":64232226,"T":1534529038776,"m":true}, {"a":56960067,"p":"6487.92000000","q":"0.74030000","f":64232227,"l":64232227,"T":1534529040385,"m":false}, {"a":56960068,"p":"6487.84000000","q":"0.00000100","f":64232228,"l":64232228,"T":1534529040532,"m":true}, {"a":56960069,"p":"6486.25000000","q":"0.01380600","f":64232229,"l":64232229,"T":1534529040532,"m":true}, {"a":56960070,"p":"6485.51000000","q":"0.00555000","f":64232230,"l":64232230,"T":1534529040532,"m":true}, {"a":56960071,"p":"6485.00000000","q":"0.00067700","f":64232231,"l":64232231,"T":1534529040532,"m":true}, {"a":56960072,"p":"6485.00000000","q":"0.07123200","f":64232232,"l":64232232,"T":1534529040534,"m":true}, {"a":56960073,"p":"6488.00000000","q":"0.07212400","f":64232233,"l":64232233,"T":1534529040896,"m":false}, {"a":56960074,"p":"6488.00000000","q":"0.00178100","f":64232234,"l":64232234,"T":1534529041283,"m":false}, {"a":56960075,"p":"6488.00000000","q":"0.71753100","f":64232235,"l":64232236,"T":1534529041414,"m":false}, {"a":56960076,"p":"6488.00000000","q":"0.35591400","f":64232237,"l":64232238,"T":1534529041481,"m":false}, {"a":56960077,"p":"6485.01000000","q":"0.00196200","f":64232239,"l":64232239,"T":1534529041685,"m":true}, {"a":56960078,"p":"6487.98000000","q":"0.00020100","f":64232240,"l":64232240,"T":1534529042118,"m":false}, {"a":56960079,"p":"6487.97000000","q":"0.00575600","f":64232241,"l":64232241,"T":1534529042253,"m":false}, {"a":56960080,"p":"6485.01000000","q":"0.99776800","f":64232242,"l":64232242,"T":1534529042261,"m":true}, {"a":56960081,"p":"6485.01000000","q":"0.06669400","f":64232243,"l":64232244,"T":1534529042326,"m":true}, {"a":56960082,"p":"6485.01000000","q":"0.01751300","f":64232245,"l":64232245,"T":1534529042351,"m":true}, {"a":56960083,"p":"6485.01000000","q":"0.00307800","f":64232246,"l":64232246,"T":1534529042405,"m":true}, {"a":56960084,"p":"6485.01000000","q":"0.02329800","f":64232247,"l":64232247,"T":1534529042420,"m":true}, {"a":56960085,"p":"6485.01000000","q":"4.14968700","f":64232248,"l":64232248,"T":1534529042444,"m":true}, {"a":56960086,"p":"6485.00000000","q":"4.95118000","f":64232249,"l":64232250,"T":1534529042444,"m":true}, {"a":56960087,"p":"6484.76000000","q":"1.21740600","f":64232251,"l":64232251,"T":1534529042444,"m":true}, {"a":56960088,"p":"6484.75000000","q":"0.50000000","f":64232252,"l":64232252,"T":1534529042444,"m":true}, {"a":56960089,"p":"6484.63000000","q":"2.48228200","f":64232253,"l":64232254,"T":1534529042444,"m":true}, {"a":56960090,"p":"6484.60000000","q":"0.00562400","f":64232255,"l":64232255,"T":1534529042444,"m":true}, {"a":56960091,"p":"6483.69000000","q":"0.07473600","f":64232256,"l":64232256,"T":1534529042444,"m":true}, {"a":56960092,"p":"6483.68000000","q":"0.12873100","f":64232257,"l":64232257,"T":1534529042444,"m":true}, {"a":56960093,"p":"6485.01000000","q":"0.00191100","f":64232258,"l":64232258,"T":1534529042995,"m":false}, {"a":56960094,"p":"6485.01000000","q":"0.12374900","f":64232259,"l":64232259,"T":1534529043095,"m":false}, {"a":56960095,"p":"6485.01000000","q":"0.00765300","f":64232260,"l":64232260,"T":1534529043154,"m":false}, {"a":56960096,"p":"6485.01000000","q":"0.03288700","f":64232261,"l":64232261,"T":1534529043332,"m":false}, {"a":56960097,"p":"6487.84000000","q":"0.05859100","f":64232262,"l":64232262,"T":1534529043332,"m":false}, {"a":56960098,"p":"6487.84000000","q":"0.04975300","f":64232263,"l":64232263,"T":1534529043383,"m":false}, {"a":56960099,"p":"6487.95000000","q":"0.15876200","f":64232264,"l":64232264,"T":1534529043383,"m":false}, {"a":56960100,"p":"6483.32000000","q":"0.01000000","f":64232265,"l":64232265,"T":1534529043730,"m":true}, {"a":56960101,"p":"6483.32000000","q":"0.07556800","f":64232266,"l":64232266,"T":1534529043786,"m":true}, {"a":56960102,"p":"6483.32000000","q":"0.01439600","f":64232267,"l":64232267,"T":1534529043938,"m":true}, {"a":56960103,"p":"6486.98000000","q":"0.36067100","f":64232268,"l":64232268,"T":1534529044220,"m":false}, {"a":56960104,"p":"6483.32000000","q":"0.01687000","f":64232269,"l":64232269,"T":1534529044222,"m":true}, {"a":56960105,"p":"6486.98000000","q":"0.22360900","f":64232270,"l":64232270,"T":1534529044375,"m":false}, {"a":56960106,"p":"6483.33000000","q":"0.19266100","f":64232271,"l":64232271,"T":1534529044421,"m":true}, {"a":56960107,"p":"6486.95000000","q":"0.01948000","f":64232272,"l":64232272,"T":1534529044622,"m":false}, {"a":56960108,"p":"6486.95000000","q":"0.13738700","f":64232273,"l":64232273,"T":1534529044651,"m":false}, {"a":56960109,"p":"6486.95000000","q":"0.13390300","f":64232274,"l":64232274,"T":1534529044671,"m":false}, {"a":56960110,"p":"6486.95000000","q":"0.22208200","f":64232275,"l":64232275,"T":1534529044692,"m":false}, {"a":56960111,"p":"6486.96000000","q":"0.28620300","f":64232276,"l":64232276,"T":1534529044692,"m":false}, {"a":56960112,"p":"6483.33000000","q":"0.00003200","f":64232277,"l":64232277,"T":1534529044779,"m":true}, {"a":56960113,"p":"6483.32000000","q":"0.04531300","f":64232278,"l":64232278,"T":1534529044779,"m":true}, {"a":56960114,"p":"6486.95000000","q":"0.03389900","f":64232279,"l":64232279,"T":1534529044837,"m":false}, {"a":56960115,"p":"6486.96000000","q":"0.51020500","f":64232280,"l":64232280,"T":1534529044837,"m":false}, {"a":56960116,"p":"6483.37000000","q":"0.03403300","f":64232281,"l":64232281,"T":1534529045150,"m":true}, {"a":56960117,"p":"6486.95000000","q":"0.00276600","f":64232282,"l":64232282,"T":1534529045784,"m":false}, {"a":56960118,"p":"6485.00000000","q":"0.27901900","f":64232283,"l":64232283,"T":1534529045906,"m":false}, {"a":56960119,"p":"6484.99000000","q":"0.32341600","f":64232284,"l":64232285,"T":1534529046367,"m":false}, {"a":56960120,"p":"6484.99000000","q":"0.18089800","f":64232286,"l":64232286,"T":1534529046367,"m":false}, {"a":56960121,"p":"6485.00000000","q":"2.44869400","f":64232287,"l":64232287,"T":1534529046367,"m":false}, {"a":56960122,"p":"6485.00000000","q":"0.24433400","f":64232288,"l":64232288,"T":1534529046395,"m":false}, {"a":56960123,"p":"6485.00000000","q":"0.00020300","f":64232289,"l":64232289,"T":1534529046504,"m":false}, {"a":56960124,"p":"6485.00000000","q":"0.05372000","f":64232290,"l":64232290,"T":1534529046551,"m":false}, {"a":56960125,"p":"6485.00000000","q":"1.69322900","f":64232291,"l":64232291,"T":1534529046552,"m":false}, {"a":56960126,"p":"6485.69000000","q":"0.01609700","f":64232292,"l":64232292,"T":1534529046879,"m":true}, {"a":56960127,"p":"6485.69000000","q":"0.09999800","f":64232293,"l":64232293,"T":1534529047084,"m":true}, {"a":56960128,"p":"6485.69000000","q":"0.00849900","f":64232294,"l":64232294,"T":1534529047138,"m":true}, {"a":56960129,"p":"6486.95000000","q":"0.03129900","f":64232295,"l":64232295,"T":1534529047372,"m":false}, {"a":56960130,"p":"6486.99000000","q":"0.05025400","f":64232296,"l":64232296,"T":1534529047372,"m":false}, {"a":56960131,"p":"6485.69000000","q":"0.82480200","f":64232297,"l":64232297,"T":1534529047457,"m":true}, {"a":56960132,"p":"6485.69000000","q":"0.03701900","f":64232298,"l":64232298,"T":1534529048072,"m":true}, {"a":56960133,"p":"6485.70000000","q":"0.00616500","f":64232299,"l":64232299,"T":1534529048522,"m":true}, {"a":56960134,"p":"6487.96000000","q":"0.00397700","f":64232300,"l":64232300,"T":1534529048555,"m":false}, {"a":56960135,"p":"6487.96000000","q":"0.02522300","f":64232301,"l":64232301,"T":1534529048582,"m":false}, {"a":56960136,"p":"6488.00000000","q":"0.01431900","f":64232302,"l":64232302,"T":1534529048582,"m":false}, {"a":56960137,"p":"6485.70000000","q":"0.00252000","f":64232303,"l":64232303,"T":1534529048645,"m":true}, {"a":56960138,"p":"6485.70000000","q":"0.01433400","f":64232304,"l":64232304,"T":1534529048978,"m":true}, {"a":56960139,"p":"6486.85000000","q":"0.80073600","f":64232305,"l":64232305,"T":1534529049064,"m":false}, {"a":56960140,"p":"6485.70000000","q":"0.81708800","f":64232306,"l":64232307,"T":1534529049070,"m":true}, {"a":56960141,"p":"6485.70000000","q":"0.31342500","f":64232308,"l":64232308,"T":1534529049080,"m":true}, {"a":56960142,"p":"6485.69000000","q":"0.03376600","f":64232309,"l":64232309,"T":1534529049200,"m":true}, {"a":56960143,"p":"6485.69000000","q":"0.03051400","f":64232310,"l":64232310,"T":1534529049314,"m":true}, {"a":56960144,"p":"6485.70000000","q":"0.02301900","f":64232311,"l":64232311,"T":1534529049366,"m":false}, {"a":56960145,"p":"6485.69000000","q":"0.77659600","f":64232312,"l":64232312,"T":1534529049627,"m":true}, {"a":56960146,"p":"6488.00000000","q":"0.07452200","f":64232313,"l":64232314,"T":1534529049651,"m":false}, {"a":56960147,"p":"6485.69000000","q":"0.00559600","f":64232315,"l":64232315,"T":1534529049734,"m":true}, {"a":56960148,"p":"6485.69000000","q":"1.41837800","f":64232316,"l":64232316,"T":1534529049968,"m":true}, {"a":56960149,"p":"6484.56000000","q":"0.15755400","f":64232317,"l":64232317,"T":1534529049968,"m":true}, {"a":56960150,"p":"6484.59000000","q":"0.13410300","f":64232318,"l":64232318,"T":1534529050228,"m":true}, {"a":56960151,"p":"6488.00000000","q":"0.33390000","f":64232319,"l":64232319,"T":1534529050239,"m":false}, {"a":56960152,"p":"6485.69000000","q":"0.01350400","f":64232320,"l":64232320,"T":1534529051407,"m":false}, {"a":56960153,"p":"6485.69000000","q":"0.00770900","f":64232321,"l":64232321,"T":1534529051516,"m":false}, {"a":56960154,"p":"6484.60000000","q":"0.00823900","f":64232322,"l":64232322,"T":1534529051538,"m":true}, {"a":56960155,"p":"6485.69000000","q":"0.00770900","f":64232323,"l":64232323,"T":1534529051538,"m":false}, {"a":56960156,"p":"6485.69000000","q":"0.00770900","f":64232324,"l":64232324,"T":1534529051559,"m":false}, {"a":56960157,"p":"6485.69000000","q":"0.00770900","f":64232325,"l":64232325,"T":1534529051574,"m":false}, {"a":56960158,"p":"6485.69000000","q":"0.00770900","f":64232326,"l":64232326,"T":1534529051596,"m":false}, {"a":56960159,"p":"6485.69000000","q":"0.00770900","f":64232327,"l":64232327,"T":1534529051622,"m":false}, {"a":56960160,"p":"6485.69000000","q":"0.00770900","f":64232328,"l":64232328,"T":1534529051648,"m":false}, {"a":56960161,"p":"6485.69000000","q":"0.00770900","f":64232329,"l":64232329,"T":1534529051666,"m":false}, {"a":56960162,"p":"6485.69000000","q":"0.00770900","f":64232330,"l":64232330,"T":1534529051685,"m":false}, {"a":56960163,"p":"6485.69000000","q":"0.00770900","f":64232331,"l":64232331,"T":1534529051704,"m":false}, {"a":56960164,"p":"6485.69000000","q":"0.00770900","f":64232332,"l":64232332,"T":1534529051728,"m":false}, {"a":56960165,"p":"6485.69000000","q":"0.00770900","f":64232333,"l":64232333,"T":1534529051753,"m":false}, {"a":56960166,"p":"6485.69000000","q":"0.00770900","f":64232334,"l":64232334,"T":1534529051774,"m":false}, {"a":56960167,"p":"6485.69000000","q":"0.00770900","f":64232335,"l":64232335,"T":1534529051791,"m":false}, {"a":56960168,"p":"6484.60000000","q":"1.09089700","f":64232336,"l":64232337,"T":1534529052133,"m":true}, {"a":56960169,"p":"6484.59000000","q":"0.05856000","f":64232338,"l":64232338,"T":1534529052133,"m":true}, {"a":56960170,"p":"6484.56000000","q":"0.34244600","f":64232339,"l":64232339,"T":1534529052133,"m":true}, {"a":56960171,"p":"6483.36000000","q":"0.00720800","f":64232340,"l":64232340,"T":1534529052133,"m":true}, {"a":56960172,"p":"6483.26000000","q":"0.00555000","f":64232341,"l":64232341,"T":1534529052133,"m":true}, {"a":56960173,"p":"6483.15000000","q":"0.00154400","f":64232342,"l":64232342,"T":1534529052133,"m":true}, {"a":56960174,"p":"6482.53000000","q":"0.00555100","f":64232343,"l":64232343,"T":1534529052133,"m":true}, {"a":56960175,"p":"6482.32000000","q":"0.50000000","f":64232344,"l":64232344,"T":1534529052133,"m":true}, {"a":56960176,"p":"6481.99000000","q":"0.00325000","f":64232345,"l":64232345,"T":1534529052133,"m":true}, {"a":56960177,"p":"6481.84000000","q":"0.07554900","f":64232346,"l":64232346,"T":1534529052133,"m":true}, {"a":56960178,"p":"6481.00000000","q":"0.33230300","f":64232347,"l":64232347,"T":1534529052133,"m":true}, {"a":56960179,"p":"6485.14000000","q":"0.94403700","f":64232348,"l":64232348,"T":1534529052146,"m":false}, {"a":56960180,"p":"6484.60000000","q":"0.15800000","f":64232349,"l":64232349,"T":1534529052173,"m":false}, {"a":56960181,"p":"6484.60000000","q":"0.54110000","f":64232350,"l":64232350,"T":1534529052370,"m":false}, {"a":56960182,"p":"6484.60000000","q":"0.00001900","f":64232351,"l":64232351,"T":1534529052520,"m":false}, {"a":56960183,"p":"6485.00000000","q":"0.17583400","f":64232352,"l":64232352,"T":1534529052520,"m":false}, {"a":56960184,"p":"6485.69000000","q":"0.16451900","f":64232353,"l":64232354,"T":1534529052520,"m":false}, {"a":56960185,"p":"6483.23000000","q":"0.08542800","f":64232355,"l":64232355,"T":1534529052560,"m":true}, {"a":56960186,"p":"6486.94000000","q":"0.13410300","f":64232356,"l":64232356,"T":1534529052654,"m":false}, {"a":56960187,"p":"6486.95000000","q":"0.00184000","f":64232357,"l":64232357,"T":1534529052654,"m":false}, {"a":56960188,"p":"6487.95000000","q":"0.03531900","f":64232358,"l":64232358,"T":1534529052999,"m":false}, {"a":56960189,"p":"6487.64000000","q":"0.00222600","f":64232359,"l":64232359,"T":1534529053468,"m":false}, {"a":56960190,"p":"6484.58000000","q":"0.01535800","f":64232360,"l":64232360,"T":1534529053790,"m":true}, {"a":56960191,"p":"6486.97000000","q":"0.02298000","f":64232361,"l":64232361,"T":1534529054460,"m":false}, {"a":56960192,"p":"6484.58000000","q":"0.00731400","f":64232362,"l":64232362,"T":1534529054665,"m":true}, {"a":56960193,"p":"6484.58000000","q":"0.00200000","f":64232363,"l":64232363,"T":1534529055082,"m":true}, {"a":56960194,"p":"6484.58000000","q":"0.03912900","f":64232364,"l":64232364,"T":1534529055351,"m":true}, {"a":56960195,"p":"6485.69000000","q":"0.13897800","f":64232365,"l":64232365,"T":1534529055374,"m":false}, {"a":56960196,"p":"6486.97000000","q":"0.00456700","f":64232366,"l":64232366,"T":1534529055405,"m":false}, {"a":56960197,"p":"6486.96000000","q":"0.00322000","f":64232367,"l":64232367,"T":1534529055543,"m":false}, {"a":56960198,"p":"6486.96000000","q":"0.00597500","f":64232368,"l":64232368,"T":1534529055634,"m":false}, {"a":56960199,"p":"6485.77000000","q":"0.56399600","f":64232369,"l":64232369,"T":1534529056168,"m":false}, {"a":56960200,"p":"6486.96000000","q":"0.46080300","f":64232370,"l":64232370,"T":1534529056177,"m":false}, {"a":56960201,"p":"6486.96000000","q":"0.00196000","f":64232371,"l":64232371,"T":1534529056443,"m":true}, {"a":56960202,"p":"6486.96000000","q":"0.00722900","f":64232372,"l":64232372,"T":1534529056533,"m":true}, {"a":56960203,"p":"6487.61000000","q":"0.00539500","f":64232373,"l":64232373,"T":1534529056700,"m":false}, {"a":56960204,"p":"6486.96000000","q":"0.00000600","f":64232374,"l":64232374,"T":1534529056794,"m":true}, {"a":56960205,"p":"6484.77000000","q":"0.13023800","f":64232375,"l":64232375,"T":1534529056794,"m":true}, {"a":56960206,"p":"6484.78000000","q":"0.00307800","f":64232376,"l":64232376,"T":1534529056920,"m":true}, {"a":56960207,"p":"6484.78000000","q":"0.03701000","f":64232377,"l":64232377,"T":1534529057079,"m":true}, {"a":56960208,"p":"6484.99000000","q":"0.00591800","f":64232378,"l":64232378,"T":1534529057152,"m":false}, {"a":56960209,"p":"6484.99000000","q":"0.37059400","f":64232379,"l":64232379,"T":1534529057368,"m":false}, {"a":56960210,"p":"6484.99000000","q":"0.38871600","f":64232380,"l":64232381,"T":1534529057370,"m":false}, {"a":56960211,"p":"6484.99000000","q":"0.01019200","f":64232382,"l":64232382,"T":1534529057401,"m":false}, {"a":56960212,"p":"6484.99000000","q":"0.01027900","f":64232383,"l":64232383,"T":1534529057401,"m":false}, {"a":56960213,"p":"6484.99000000","q":"0.00307400","f":64232384,"l":64232384,"T":1534529057401,"m":false}, {"a":56960214,"p":"6484.99000000","q":"0.00917400","f":64232385,"l":64232385,"T":1534529057417,"m":false}, {"a":56960215,"p":"6484.99000000","q":"0.01180800","f":64232386,"l":64232386,"T":1534529057427,"m":false}, {"a":56960216,"p":"6484.99000000","q":"0.01667900","f":64232387,"l":64232387,"T":1534529057441,"m":false}, {"a":56960217,"p":"6484.99000000","q":"0.02759800","f":64232388,"l":64232388,"T":1534529057452,"m":false}, {"a":56960218,"p":"6484.99000000","q":"0.10001200","f":64232389,"l":64232389,"T":1534529057469,"m":false}, {"a":56960219,"p":"6484.99000000","q":"0.08536200","f":64232390,"l":64232390,"T":1534529057473,"m":false}, {"a":56960220,"p":"6484.99000000","q":"0.02120500","f":64232391,"l":64232391,"T":1534529057476,"m":false}, {"a":56960221,"p":"6484.99000000","q":"0.07305300","f":64232392,"l":64232392,"T":1534529057506,"m":false}, {"a":56960222,"p":"6484.99000000","q":"0.07487600","f":64232393,"l":64232393,"T":1534529057511,"m":false}, {"a":56960223,"p":"6484.99000000","q":"0.19339500","f":64232394,"l":64232394,"T":1534529057513,"m":false}, {"a":56960224,"p":"6484.99000000","q":"0.01035700","f":64232395,"l":64232395,"T":1534529057524,"m":false}, {"a":56960225,"p":"6484.99000000","q":"0.04106500","f":64232396,"l":64232396,"T":1534529057528,"m":false}, {"a":56960226,"p":"6484.99000000","q":"0.06508900","f":64232397,"l":64232397,"T":1534529057534,"m":false}, {"a":56960227,"p":"6484.99000000","q":"0.08185500","f":64232398,"l":64232398,"T":1534529057641,"m":false}, {"a":56960228,"p":"6484.88000000","q":"0.96237200","f":64232399,"l":64232399,"T":1534529057713,"m":false}, {"a":56960229,"p":"6484.99000000","q":"0.00002100","f":64232400,"l":64232400,"T":1534529057727,"m":false}, {"a":56960230,"p":"6485.00000000","q":"0.10978600","f":64232401,"l":64232401,"T":1534529058375,"m":false}, {"a":56960231,"p":"6484.99000000","q":"0.29739400","f":64232402,"l":64232402,"T":1534529058572,"m":true}, {"a":56960232,"p":"6484.99000000","q":"0.04122300","f":64232403,"l":64232403,"T":1534529058583,"m":true}, {"a":56960233,"p":"6486.30000000","q":"0.39879200","f":64232404,"l":64232404,"T":1534529058896,"m":false}, {"a":56960234,"p":"6484.99000000","q":"0.52062300","f":64232405,"l":64232405,"T":1534529058903,"m":true}, {"a":56960235,"p":"6484.78000000","q":"0.07120200","f":64232406,"l":64232406,"T":1534529058962,"m":true}, {"a":56960236,"p":"6484.78000000","q":"0.08138400","f":64232407,"l":64232407,"T":1534529059150,"m":true}, {"a":56960237,"p":"6484.77000000","q":"0.36976200","f":64232408,"l":64232408,"T":1534529059150,"m":true}, {"a":56960238,"p":"6484.57000000","q":"0.00169400","f":64232409,"l":64232409,"T":1534529059150,"m":true}, {"a":56960239,"p":"6484.00000000","q":"0.96439000","f":64232410,"l":64232410,"T":1534529059150,"m":true}, {"a":56960240,"p":"6484.02000000","q":"0.08996400","f":64232411,"l":64232411,"T":1534529059200,"m":true}, {"a":56960241,"p":"6484.99000000","q":"0.33863800","f":64232412,"l":64232412,"T":1534529059412,"m":false}, {"a":56960242,"p":"6484.03000000","q":"0.18644900","f":64232413,"l":64232413,"T":1534529059909,"m":true}, {"a":56960243,"p":"6486.95000000","q":"0.05316500","f":64232414,"l":64232414,"T":1534529060436,"m":false}, {"a":56960244,"p":"6486.96000000","q":"0.06987000","f":64232415,"l":64232415,"T":1534529060436,"m":false}, {"a":56960245,"p":"6484.03000000","q":"0.00618100","f":64232416,"l":64232416,"T":1534529060463,"m":true}, {"a":56960246,"p":"6485.69000000","q":"0.00155800","f":64232417,"l":64232417,"T":1534529061137,"m":false}, {"a":56960247,"p":"6485.69000000","q":"0.11799100","f":64232418,"l":64232418,"T":1534529061414,"m":true}, {"a":56960248,"p":"6485.69000000","q":"0.09994200","f":64232419,"l":64232419,"T":1534529062094,"m":true}, {"a":56960249,"p":"6486.95000000","q":"0.01635000","f":64232420,"l":64232420,"T":1534529062116,"m":false}, {"a":56960250,"p":"6485.69000000","q":"0.03513900","f":64232421,"l":64232421,"T":1534529062171,"m":true}, {"a":56960251,"p":"6485.69000000","q":"0.11105800","f":64232422,"l":64232422,"T":1534529062226,"m":true}, {"a":56960252,"p":"6485.69000000","q":"0.01796200","f":64232423,"l":64232423,"T":1534529062411,"m":true}, {"a":56960253,"p":"6485.69000000","q":"0.01796200","f":64232424,"l":64232424,"T":1534529062798,"m":true}, {"a":56960254,"p":"6485.69000000","q":"0.06019800","f":64232425,"l":64232425,"T":1534529063106,"m":true}, {"a":56960255,"p":"6486.95000000","q":"0.06530000","f":64232426,"l":64232426,"T":1534529063115,"m":false}, {"a":56960256,"p":"6486.94000000","q":"0.10011400","f":64232427,"l":64232427,"T":1534529063241,"m":false}, {"a":56960257,"p":"6485.70000000","q":"0.38766300","f":64232428,"l":64232428,"T":1534529063279,"m":true}, {"a":56960258,"p":"6485.70000000","q":"0.01000000","f":64232429,"l":64232429,"T":1534529063489,"m":true}, {"a":56960259,"p":"6486.32000000","q":"0.59589100","f":64232430,"l":64232430,"T":1534529064156,"m":false}, {"a":56960260,"p":"6485.70000000","q":"0.58432700","f":64232431,"l":64232432,"T":1534529064171,"m":true}, {"a":56960261,"p":"6485.70000000","q":"0.39289400","f":64232433,"l":64232434,"T":1534529064189,"m":true}, {"a":56960262,"p":"6485.69000000","q":"0.01797800","f":64232435,"l":64232435,"T":1534529064219,"m":true}, {"a":56960263,"p":"6485.69000000","q":"0.01986700","f":64232436,"l":64232436,"T":1534529064375,"m":true}, {"a":56960264,"p":"6485.70000000","q":"0.00339700","f":64232437,"l":64232437,"T":1534529064538,"m":false}, {"a":56960265,"p":"6485.69000000","q":"0.00083500","f":64232438,"l":64232438,"T":1534529065189,"m":true}, {"a":56960266,"p":"6484.62000000","q":"0.01798200","f":64232439,"l":64232439,"T":1534529065520,"m":true}, {"a":56960267,"p":"6484.99000000","q":"0.04680700","f":64232440,"l":64232440,"T":1534529065549,"m":false}, {"a":56960268,"p":"6484.62000000","q":"0.02441800","f":64232441,"l":64232441,"T":1534529065573,"m":true}, {"a":56960269,"p":"6484.62000000","q":"0.01798200","f":64232442,"l":64232442,"T":1534529065935,"m":true}, {"a":56960270,"p":"6484.99000000","q":"0.01233200","f":64232443,"l":64232443,"T":1534529065993,"m":false}, {"a":56960271,"p":"6484.62000000","q":"0.00299400","f":64232444,"l":64232444,"T":1534529066341,"m":true}, {"a":56960272,"p":"6484.62000000","q":"0.00318100","f":64232445,"l":64232445,"T":1534529066408,"m":true}, {"a":56960273,"p":"6484.99000000","q":"0.02197200","f":64232446,"l":64232446,"T":1534529066441,"m":false}, {"a":56960274,"p":"6484.63000000","q":"0.05866700","f":64232447,"l":64232447,"T":1534529066752,"m":true}, {"a":56960275,"p":"6484.63000000","q":"0.05369700","f":64232448,"l":64232448,"T":1534529066930,"m":true}, {"a":56960276,"p":"6484.81000000","q":"0.65557500","f":64232449,"l":64232449,"T":1534529067492,"m":false}, {"a":56960277,"p":"6484.63000000","q":"0.54812000","f":64232450,"l":64232451,"T":1534529067509,"m":true}, {"a":56960278,"p":"6484.63000000","q":"0.34289800","f":64232452,"l":64232452,"T":1534529067531,"m":true}, {"a":56960279,"p":"6484.62000000","q":"2.94221000","f":64232453,"l":64232453,"T":1534529067550,"m":true}, {"a":56960280,"p":"6484.03000000","q":"0.00004400","f":64232454,"l":64232454,"T":1534529067554,"m":true}, {"a":56960281,"p":"6482.21000000","q":"0.02885600","f":64232455,"l":64232455,"T":1534529067554,"m":true}, {"a":56960282,"p":"6484.63000000","q":"0.05371600","f":64232456,"l":64232456,"T":1534529067785,"m":false}, {"a":56960283,"p":"6484.63000000","q":"0.05857900","f":64232457,"l":64232457,"T":1534529067909,"m":false}, {"a":56960284,"p":"6482.21000000","q":"0.04569000","f":64232458,"l":64232458,"T":1534529067972,"m":true}, {"a":56960285,"p":"6484.62000000","q":"0.00349800","f":64232459,"l":64232459,"T":1534529068766,"m":false}, {"a":56960286,"p":"6481.79000000","q":"0.00357500","f":64232460,"l":64232460,"T":1534529069162,"m":true}, {"a":56960287,"p":"6484.62000000","q":"0.02540500","f":64232461,"l":64232461,"T":1534529069440,"m":false}, {"a":56960288,"p":"6481.79000000","q":"0.18918600","f":64232462,"l":64232462,"T":1534529069531,"m":true}, {"a":56960289,"p":"6481.79000000","q":"0.00000200","f":64232463,"l":64232463,"T":1534529069616,"m":true}, {"a":56960290,"p":"6481.78000000","q":"0.19690300","f":64232464,"l":64232464,"T":1534529069616,"m":true}, {"a":56960291,"p":"6484.60000000","q":"0.03007900","f":64232465,"l":64232465,"T":1534529070067,"m":false}, {"a":56960292,"p":"6481.81000000","q":"0.00296600","f":64232466,"l":64232466,"T":1534529071452,"m":true}, {"a":56960293,"p":"6481.81000000","q":"0.16799900","f":64232467,"l":64232467,"T":1534529071470,"m":true}, {"a":56960294,"p":"6484.56000000","q":"0.02964100","f":64232468,"l":64232468,"T":1534529071631,"m":false}, {"a":56960295,"p":"6481.81000000","q":"0.00000100","f":64232469,"l":64232469,"T":1534529072026,"m":true}, {"a":56960296,"p":"6481.82000000","q":"0.13788900","f":64232470,"l":64232470,"T":1534529072102,"m":true}, {"a":56960297,"p":"6484.55000000","q":"0.00462300","f":64232471,"l":64232471,"T":1534529072454,"m":false}, {"a":56960298,"p":"6481.84000000","q":"0.05000000","f":64232472,"l":64232472,"T":1534529072608,"m":true}, {"a":56960299,"p":"6481.83000000","q":"0.12827700","f":64232473,"l":64232473,"T":1534529072608,"m":true}, {"a":56960300,"p":"6481.83000000","q":"0.00199300","f":64232474,"l":64232474,"T":1534529072761,"m":true}, {"a":56960301,"p":"6481.83000000","q":"0.06249500","f":64232475,"l":64232475,"T":1534529073218,"m":true}, {"a":56960302,"p":"6481.78000000","q":"0.07705000","f":64232476,"l":64232476,"T":1534529073376,"m":false}, {"a":56960303,"p":"6481.78000000","q":"1.17452600","f":64232477,"l":64232477,"T":1534529073441,"m":false}, {"a":56960304,"p":"6481.76000000","q":"0.00321700","f":64232478,"l":64232478,"T":1534529073584,"m":true}, {"a":56960305,"p":"6481.76000000","q":"0.00000600","f":64232479,"l":64232479,"T":1534529073609,"m":true}, {"a":56960306,"p":"6481.00000000","q":"0.35853800","f":64232480,"l":64232480,"T":1534529073609,"m":true}, {"a":56960307,"p":"6481.01000000","q":"0.00543200","f":64232481,"l":64232481,"T":1534529073921,"m":true}, {"a":56960308,"p":"6483.90000000","q":"0.07503300","f":64232482,"l":64232482,"T":1534529074035,"m":false}, {"a":56960309,"p":"6484.60000000","q":"0.01655100","f":64232483,"l":64232483,"T":1534529074035,"m":false}, {"a":56960310,"p":"6481.01000000","q":"0.01677400","f":64232484,"l":64232484,"T":1534529074075,"m":true}, {"a":56960311,"p":"6481.77000000","q":"0.00600000","f":64232485,"l":64232485,"T":1534529074544,"m":true}, {"a":56960312,"p":"6481.01000000","q":"0.01705300","f":64232486,"l":64232486,"T":1534529074544,"m":true}, {"a":56960313,"p":"6481.83000000","q":"0.00452000","f":64232487,"l":64232487,"T":1534529074628,"m":false}, {"a":56960314,"p":"6481.01000000","q":"0.01950100","f":64232488,"l":64232488,"T":1534529074649,"m":true}, {"a":56960315,"p":"6481.83000000","q":"0.08000000","f":64232489,"l":64232489,"T":1534529074727,"m":false}, {"a":56960316,"p":"6481.42000000","q":"2.66654700","f":64232490,"l":64232490,"T":1534529074787,"m":false}, {"a":56960317,"p":"6481.01000000","q":"0.97478600","f":64232491,"l":64232491,"T":1534529074809,"m":true}, {"a":56960318,"p":"6481.01000000","q":"0.03701800","f":64232492,"l":64232492,"T":1534529074837,"m":false}, {"a":56960319,"p":"6481.83000000","q":"0.02048000","f":64232493,"l":64232493,"T":1534529075438,"m":false}, {"a":56960320,"p":"6481.00000000","q":"0.00188400","f":64232494,"l":64232494,"T":1534529075439,"m":true}, {"a":56960321,"p":"6481.00000000","q":"0.11180400","f":64232495,"l":64232495,"T":1534529075449,"m":true}, {"a":56960322,"p":"6481.00000000","q":"0.00188500","f":64232496,"l":64232496,"T":1534529075478,"m":true}, {"a":56960323,"p":"6481.00000000","q":"0.14211000","f":64232497,"l":64232497,"T":1534529075508,"m":true}, {"a":56960324,"p":"6481.00000000","q":"0.01251200","f":64232498,"l":64232498,"T":1534529075582,"m":true}, {"a":56960325,"p":"6480.87000000","q":"0.00001100","f":64232499,"l":64232499,"T":1534529075746,"m":false}, {"a":56960326,"p":"6483.89000000","q":"0.01536100","f":64232500,"l":64232500,"T":1534529075746,"m":false}, {"a":56960327,"p":"6480.28000000","q":"0.00834200","f":64232501,"l":64232501,"T":1534529075782,"m":true}, {"a":56960328,"p":"6480.28000000","q":"0.00198900","f":64232502,"l":64232502,"T":1534529075847,"m":true}, {"a":56960329,"p":"6480.28000000","q":"0.00198700","f":64232503,"l":64232503,"T":1534529076027,"m":true}, {"a":56960330,"p":"6480.29000000","q":"0.66525400","f":64232504,"l":64232504,"T":1534529076296,"m":true}, {"a":56960331,"p":"6480.29000000","q":"0.25180100","f":64232505,"l":64232505,"T":1534529076723,"m":true}, {"a":56960332,"p":"6482.08000000","q":"1.77915300","f":64232506,"l":64232506,"T":1534529076868,"m":false}, {"a":56960333,"p":"6480.29000000","q":"0.00003400","f":64232507,"l":64232507,"T":1534529076888,"m":true}, {"a":56960334,"p":"6480.29000000","q":"0.01992300","f":64232508,"l":64232508,"T":1534529077107,"m":false}, {"a":56960335,"p":"6480.29000000","q":"0.80000000","f":64232509,"l":64232509,"T":1534529077143,"m":false}, {"a":56960336,"p":"6480.00000000","q":"0.00199500","f":64232510,"l":64232510,"T":1534529077444,"m":true}, {"a":56960337,"p":"6480.29000000","q":"0.03338000","f":64232511,"l":64232511,"T":1534529077587,"m":false}, {"a":56960338,"p":"6480.29000000","q":"0.05000000","f":64232512,"l":64232512,"T":1534529077703,"m":false}, {"a":56960339,"p":"6480.01000000","q":"0.00199000","f":64232513,"l":64232513,"T":1534529077863,"m":true}, {"a":56960340,"p":"6480.01000000","q":"0.64603300","f":64232514,"l":64232514,"T":1534529077883,"m":true}, {"a":56960341,"p":"6480.01000000","q":"0.07741500","f":64232515,"l":64232515,"T":1534529077900,"m":true}, {"a":56960342,"p":"6480.01000000","q":"0.04142400","f":64232516,"l":64232516,"T":1534529077951,"m":true}, {"a":56960343,"p":"6480.00000000","q":"0.64859700","f":64232517,"l":64232519,"T":1534529077951,"m":true}, {"a":56960344,"p":"6480.00000000","q":"0.25308900","f":64232520,"l":64232522,"T":1534529077988,"m":true}, {"a":56960345,"p":"6480.00000000","q":"0.02909700","f":64232523,"l":64232523,"T":1534529078184,"m":true}, {"a":56960346,"p":"6480.00000000","q":"1.12809400","f":64232524,"l":64232524,"T":1534529078210,"m":true}, {"a":56960347,"p":"6480.00000000","q":"0.06521500","f":64232525,"l":64232525,"T":1534529078242,"m":true}, {"a":56960348,"p":"6480.00000000","q":"0.06691200","f":64232526,"l":64232526,"T":1534529078265,"m":true}, {"a":56960349,"p":"6480.27000000","q":"0.20888000","f":64232527,"l":64232527,"T":1534529078267,"m":false}, {"a":56960350,"p":"6480.00000000","q":"0.53719000","f":64232528,"l":64232528,"T":1534529078271,"m":true}, {"a":56960351,"p":"6480.00000000","q":"0.06530200","f":64232529,"l":64232529,"T":1534529078285,"m":true}, {"a":56960352,"p":"6480.00000000","q":"0.93048400","f":64232530,"l":64232532,"T":1534529078328,"m":true}, {"a":56960353,"p":"6480.27000000","q":"0.01150000","f":64232533,"l":64232533,"T":1534529078373,"m":false}, {"a":56960354,"p":"6480.00000000","q":"0.97108400","f":64232534,"l":64232536,"T":1534529078446,"m":true}, {"a":56960355,"p":"6480.01000000","q":"0.04000000","f":64232537,"l":64232537,"T":1534529078664,"m":false}, {"a":56960356,"p":"6480.01000000","q":"0.03100000","f":64232538,"l":64232538,"T":1534529078889,"m":false}, {"a":56960357,"p":"6480.00000000","q":"0.02182700","f":64232539,"l":64232540,"T":1534529078959,"m":true}, {"a":56960358,"p":"6479.00000000","q":"0.05002400","f":64232541,"l":64232542,"T":1534529079120,"m":true}, {"a":56960359,"p":"6479.00000000","q":"0.05822800","f":64232543,"l":64232543,"T":1534529079138,"m":true}, {"a":56960360,"p":"6478.32000000","q":"0.00555300","f":64232544,"l":64232544,"T":1534529079138,"m":true}, {"a":56960361,"p":"6477.95000000","q":"0.07241400","f":64232545,"l":64232545,"T":1534529079138,"m":true}, {"a":56960362,"p":"6477.80000000","q":"0.00562500","f":64232546,"l":64232546,"T":1534529079138,"m":true}, {"a":56960363,"p":"6477.43000000","q":"0.00193700","f":64232547,"l":64232547,"T":1534529079138,"m":true}, {"a":56960364,"p":"6477.00000000","q":"0.00383300","f":64232548,"l":64232548,"T":1534529079138,"m":true}, {"a":56960365,"p":"6476.90000000","q":"0.07321500","f":64232549,"l":64232550,"T":1534529079138,"m":true}, {"a":56960366,"p":"6476.67000000","q":"0.07489500","f":64232551,"l":64232551,"T":1534529079138,"m":true}, {"a":56960367,"p":"6476.58000000","q":"0.00169800","f":64232552,"l":64232552,"T":1534529079138,"m":true}, {"a":56960368,"p":"6476.52000000","q":"0.29928300","f":64232553,"l":64232553,"T":1534529079138,"m":true}, {"a":56960369,"p":"6476.52000000","q":"0.37624500","f":64232554,"l":64232554,"T":1534529079138,"m":true}, {"a":56960370,"p":"6479.35000000","q":"0.00474500","f":64232555,"l":64232555,"T":1534529079575,"m":false}, {"a":56960371,"p":"6476.54000000","q":"0.08127000","f":64232556,"l":64232556,"T":1534529079724,"m":true}, {"a":56960372,"p":"6479.35000000","q":"0.02807900","f":64232557,"l":64232557,"T":1534529079736,"m":false}, {"a":56960373,"p":"6476.54000000","q":"0.03092600","f":64232558,"l":64232558,"T":1534529079916,"m":true}, {"a":56960374,"p":"6476.54000000","q":"0.18780200","f":64232559,"l":64232559,"T":1534529080169,"m":true}, {"a":56960375,"p":"6478.70000000","q":"0.00817100","f":64232560,"l":64232560,"T":1534529080308,"m":false}, {"a":56960376,"p":"6478.70000000","q":"0.03704100","f":64232561,"l":64232561,"T":1534529080313,"m":false}, {"a":56960377,"p":"6478.30000000","q":"0.00921300","f":64232562,"l":64232562,"T":1534529080501,"m":false}, {"a":56960378,"p":"6478.30000000","q":"0.02000000","f":64232563,"l":64232563,"T":1534529080703,"m":false}, {"a":56960379,"p":"6478.30000000","q":"0.00192800","f":64232564,"l":64232564,"T":1534529080720,"m":false}, {"a":56960380,"p":"6478.30000000","q":"0.10000000","f":64232565,"l":64232565,"T":1534529080831,"m":false}, {"a":56960381,"p":"6478.30000000","q":"0.03026200","f":64232566,"l":64232566,"T":1534529081006,"m":false}, {"a":56960382,"p":"6478.30000000","q":"0.03026200","f":64232567,"l":64232567,"T":1534529081027,"m":false}, {"a":56960383,"p":"6478.30000000","q":"0.03026200","f":64232568,"l":64232568,"T":1534529081043,"m":false}, {"a":56960384,"p":"6478.30000000","q":"0.03026200","f":64232569,"l":64232569,"T":1534529081064,"m":false}, {"a":56960385,"p":"6478.30000000","q":"0.03703200","f":64232570,"l":64232570,"T":1534529081083,"m":false}, {"a":56960386,"p":"6478.30000000","q":"0.03026200","f":64232571,"l":64232571,"T":1534529081088,"m":false}, {"a":56960387,"p":"6478.30000000","q":"0.11110700","f":64232572,"l":64232572,"T":1534529081092,"m":false}, {"a":56960388,"p":"6478.30000000","q":"0.03026200","f":64232573,"l":64232573,"T":1534529081110,"m":false}, {"a":56960389,"p":"6478.30000000","q":"0.03026200","f":64232574,"l":64232574,"T":1534529081142,"m":false}, {"a":56960390,"p":"6478.29000000","q":"0.03026200","f":64232575,"l":64232575,"T":1534529081168,"m":false}, {"a":56960391,"p":"6478.29000000","q":"0.03026200","f":64232576,"l":64232576,"T":1534529081182,"m":false}, {"a":56960392,"p":"6478.29000000","q":"0.01000000","f":64232577,"l":64232577,"T":1534529081187,"m":false}, {"a":56960393,"p":"6476.57000000","q":"0.19738800","f":64232578,"l":64232578,"T":1534529081231,"m":true}, {"a":56960394,"p":"6476.56000000","q":"0.07750000","f":64232579,"l":64232579,"T":1534529081231,"m":true}, {"a":56960395,"p":"6476.55000000","q":"0.18840900","f":64232580,"l":64232580,"T":1534529081231,"m":true}, {"a":56960396,"p":"6478.29000000","q":"2.37947000","f":64232581,"l":64232582,"T":1534529081530,"m":false}, {"a":56960397,"p":"6478.29000000","q":"1.58486700","f":64232583,"l":64232583,"T":1534529081554,"m":false}, {"a":56960398,"p":"6478.29000000","q":"1.44879300","f":64232584,"l":64232584,"T":1534529081579,"m":false}, {"a":56960399,"p":"6478.29000000","q":"0.19553400","f":64232585,"l":64232585,"T":1534529081640,"m":false}, {"a":56960400,"p":"6478.29000000","q":"0.00379200","f":64232586,"l":64232586,"T":1534529081679,"m":false}, {"a":56960401,"p":"6478.29000000","q":"0.17655700","f":64232587,"l":64232587,"T":1534529081707,"m":false}, {"a":56960402,"p":"6478.30000000","q":"0.09613000","f":64232588,"l":64232588,"T":1534529081707,"m":false}, {"a":56960403,"p":"6478.30000000","q":"0.05415800","f":64232589,"l":64232589,"T":1534529081747,"m":false}, {"a":56960404,"p":"6478.30000000","q":"0.34381100","f":64232590,"l":64232590,"T":1534529081814,"m":false}, {"a":56960405,"p":"6478.30000000","q":"0.00154300","f":64232591,"l":64232591,"T":1534529081926,"m":false}, {"a":56960406,"p":"6478.30000000","q":"0.01519100","f":64232592,"l":64232592,"T":1534529082164,"m":false}, {"a":56960407,"p":"6478.30000000","q":"0.99805300","f":64232593,"l":64232593,"T":1534529082437,"m":false}, {"a":56960408,"p":"6476.56000000","q":"0.00199000","f":64232594,"l":64232594,"T":1534529082622,"m":true}, {"a":56960409,"p":"6479.35000000","q":"0.03703000","f":64232595,"l":64232595,"T":1534529082848,"m":false}, {"a":56960410,"p":"6479.35000000","q":"0.02902200","f":64232596,"l":64232596,"T":1534529082946,"m":false}, {"a":56960411,"p":"6476.90000000","q":"0.01055200","f":64232597,"l":64232597,"T":1534529083030,"m":true}, {"a":56960412,"p":"6479.34000000","q":"0.04028300","f":64232598,"l":64232598,"T":1534529083636,"m":false}, {"a":56960413,"p":"6479.34000000","q":"0.00000100","f":64232599,"l":64232599,"T":1534529084013,"m":false}, {"a":56960414,"p":"6476.90000000","q":"0.02930000","f":64232600,"l":64232600,"T":1534529084016,"m":true}, {"a":56960415,"p":"6478.12000000","q":"0.83448100","f":64232601,"l":64232601,"T":1534529084119,"m":false}, {"a":56960416,"p":"6479.34000000","q":"0.45352300","f":64232602,"l":64232603,"T":1534529084138,"m":false}, {"a":56960417,"p":"6479.34000000","q":"0.00836100","f":64232604,"l":64232604,"T":1534529084247,"m":false}, {"a":56960418,"p":"6476.90000000","q":"0.23400700","f":64232605,"l":64232605,"T":1534529084455,"m":true}, {"a":56960419,"p":"6476.90000000","q":"0.05831300","f":64232606,"l":64232606,"T":1534529084471,"m":true}, {"a":56960420,"p":"6476.90000000","q":"0.15927000","f":64232607,"l":64232607,"T":1534529084583,"m":true}, {"a":56960421,"p":"6476.90000000","q":"0.03999000","f":64232608,"l":64232608,"T":1534529084600,"m":true}, {"a":56960422,"p":"6479.34000000","q":"0.03472700","f":64232609,"l":64232609,"T":1534529084795,"m":false}, {"a":56960423,"p":"6476.90000000","q":"0.02939100","f":64232610,"l":64232610,"T":1534529084825,"m":true}, {"a":56960424,"p":"6478.29000000","q":"0.00185000","f":64232611,"l":64232611,"T":1534529085083,"m":false}, {"a":56960425,"p":"6479.33000000","q":"0.06864600","f":64232612,"l":64232612,"T":1534529085083,"m":false}, {"a":56960426,"p":"6478.00000000","q":"0.02156200","f":64232613,"l":64232613,"T":1534529085471,"m":false}, {"a":56960427,"p":"6476.90000000","q":"0.15736900","f":64232614,"l":64232614,"T":1534529085511,"m":true}, {"a":56960428,"p":"6476.90000000","q":"0.01150800","f":64232615,"l":64232615,"T":1534529085518,"m":true}, {"a":56960429,"p":"6478.00000000","q":"0.00250000","f":64232616,"l":64232616,"T":1534529086018,"m":false}, {"a":56960430,"p":"6478.00000000","q":"0.02562000","f":64232617,"l":64232617,"T":1534529086121,"m":false}, {"a":56960431,"p":"6478.00000000","q":"0.03703000","f":64232618,"l":64232618,"T":1534529086164,"m":false}, {"a":56960432,"p":"6477.45000000","q":"0.31386000","f":64232619,"l":64232619,"T":1534529086193,"m":false}, {"a":56960433,"p":"6478.00000000","q":"0.04406400","f":64232620,"l":64232620,"T":1534529086214,"m":false}, {"a":56960434,"p":"6478.00000000","q":"0.01376700","f":64232621,"l":64232621,"T":1534529086620,"m":true}, {"a":56960435,"p":"6478.00000000","q":"0.03962600","f":64232622,"l":64232622,"T":1534529086650,"m":true}, {"a":56960436,"p":"6478.00000000","q":"0.03331900","f":64232623,"l":64232623,"T":1534529086671,"m":true}, {"a":56960437,"p":"6478.01000000","q":"0.00250000","f":64232624,"l":64232624,"T":1534529086879,"m":false}, {"a":56960438,"p":"6476.90000000","q":"0.15339900","f":64232625,"l":64232625,"T":1534529086901,"m":true}, {"a":56960439,"p":"6476.90000000","q":"0.27928100","f":64232626,"l":64232626,"T":1534529086966,"m":true}, {"a":56960440,"p":"6476.90000000","q":"0.00001000","f":64232627,"l":64232627,"T":1534529087033,"m":true}, {"a":56960441,"p":"6476.56000000","q":"0.00197900","f":64232628,"l":64232628,"T":1534529087033,"m":true}, {"a":56960442,"p":"6478.01000000","q":"0.01234500","f":64232629,"l":64232629,"T":1534529087033,"m":false}, {"a":56960443,"p":"6476.56000000","q":"0.00906000","f":64232630,"l":64232630,"T":1534529087262,"m":true}, {"a":56960444,"p":"6476.56000000","q":"0.00626700","f":64232631,"l":64232631,"T":1534529087266,"m":true}, {"a":56960445,"p":"6476.90000000","q":"0.01279500","f":64232632,"l":64232632,"T":1534529087275,"m":false}, {"a":56960446,"p":"6476.90000000","q":"0.00600000","f":64232633,"l":64232633,"T":1534529087299,"m":false}, {"a":56960447,"p":"6476.56000000","q":"0.17860800","f":64232634,"l":64232635,"T":1534529087364,"m":true}, {"a":56960448,"p":"6477.99000000","q":"0.05386000","f":64232636,"l":64232636,"T":1534529087432,"m":false}, {"a":56960449,"p":"6477.99000000","q":"0.01510000","f":64232637,"l":64232637,"T":1534529087434,"m":false}, {"a":56960450,"p":"6476.56000000","q":"0.00001600","f":64232638,"l":64232638,"T":1534529087491,"m":true}, {"a":56960451,"p":"6476.55000000","q":"0.00325000","f":64232639,"l":64232639,"T":1534529087669,"m":true}, {"a":56960452,"p":"6476.55000000","q":"0.00272900","f":64232640,"l":64232640,"T":1534529087688,"m":true}, {"a":56960453,"p":"6476.55000000","q":"0.00179900","f":64232641,"l":64232641,"T":1534529087714,"m":true}, {"a":56960454,"p":"6476.55000000","q":"0.04783900","f":64232642,"l":64232642,"T":1534529088109,"m":true}, {"a":56960455,"p":"6476.90000000","q":"0.03226300","f":64232643,"l":64232643,"T":1534529088490,"m":true}, {"a":56960456,"p":"6476.90000000","q":"0.00829100","f":64232644,"l":64232644,"T":1534529088514,"m":true}, {"a":56960457,"p":"6476.55000000","q":"0.04146900","f":64232645,"l":64232645,"T":1534529088514,"m":true}, {"a":56960458,"p":"6476.55000000","q":"0.02450500","f":64232646,"l":64232646,"T":1534529088541,"m":true}, {"a":56960459,"p":"6476.52000000","q":"0.01601700","f":64232647,"l":64232647,"T":1534529088541,"m":true}, {"a":56960460,"p":"6476.52000000","q":"0.00198900","f":64232648,"l":64232648,"T":1534529088544,"m":true}, {"a":56960461,"p":"6476.52000000","q":"0.23253600","f":64232649,"l":64232649,"T":1534529088730,"m":true}, {"a":56960462,"p":"6476.51000000","q":"0.00279900","f":64232650,"l":64232650,"T":1534529088730,"m":true}, {"a":56960463,"p":"6475.32000000","q":"0.03940300","f":64232651,"l":64232651,"T":1534529088730,"m":true}, {"a":56960464,"p":"6475.32000000","q":"0.02204200","f":64232652,"l":64232652,"T":1534529088730,"m":true}, {"a":56960465,"p":"6475.02000000","q":"0.02773500","f":64232653,"l":64232653,"T":1534529088730,"m":true}, {"a":56960466,"p":"6475.00000000","q":"0.68844500","f":64232654,"l":64232655,"T":1534529088730,"m":true}, {"a":56960467,"p":"6475.00000000","q":"0.10708300","f":64232656,"l":64232656,"T":1534529088730,"m":true}, {"a":56960468,"p":"6475.00000000","q":"0.84320200","f":64232657,"l":64232665,"T":1534529088730,"m":true}, {"a":56960469,"p":"6474.59000000","q":"0.01019600","f":64232666,"l":64232666,"T":1534529088730,"m":true}, {"a":56960470,"p":"6474.33000000","q":"0.00154500","f":64232667,"l":64232667,"T":1534529088730,"m":true}, {"a":56960471,"p":"6474.06000000","q":"0.00662000","f":64232668,"l":64232668,"T":1534529088730,"m":true}, {"a":56960472,"p":"6473.96000000","q":"0.05000000","f":64232669,"l":64232669,"T":1534529088730,"m":true}, {"a":56960473,"p":"6473.76000000","q":"0.00617900","f":64232670,"l":64232670,"T":1534529088730,"m":true}, {"a":56960474,"p":"6473.63000000","q":"0.00339900","f":64232671,"l":64232671,"T":1534529088730,"m":true}, {"a":56960475,"p":"6473.58000000","q":"0.00375000","f":64232672,"l":64232672,"T":1534529088730,"m":true}, {"a":56960476,"p":"6473.53000000","q":"0.00555200","f":64232673,"l":64232673,"T":1534529088730,"m":true}, {"a":56960477,"p":"6473.11000000","q":"0.00154500","f":64232674,"l":64232674,"T":1534529088730,"m":true}, {"a":56960478,"p":"6473.09000000","q":"0.00154500","f":64232675,"l":64232675,"T":1534529088730,"m":true}, {"a":56960479,"p":"6473.00000000","q":"0.22872000","f":64232676,"l":64232676,"T":1534529088730,"m":true}, {"a":56960480,"p":"6473.00000000","q":"0.34367700","f":64232677,"l":64232677,"T":1534529088730,"m":true}, {"a":56960481,"p":"6473.00000000","q":"0.07420600","f":64232678,"l":64232678,"T":1534529088730,"m":true}, {"a":56960482,"p":"6473.00000000","q":"0.06882000","f":64232679,"l":64232679,"T":1534529088730,"m":true}, {"a":56960483,"p":"6475.00000000","q":"0.00550500","f":64232680,"l":64232680,"T":1534529088928,"m":false}, {"a":56960484,"p":"6475.00000000","q":"0.03872000","f":64232681,"l":64232681,"T":1534529089109,"m":false}, {"a":56960485,"p":"6473.01000000","q":"0.05000000","f":64232682,"l":64232682,"T":1534529089344,"m":true}, {"a":56960486,"p":"6473.00000000","q":"0.07728500","f":64232683,"l":64232683,"T":1534529089344,"m":true}, {"a":56960487,"p":"6472.96000000","q":"0.00154600","f":64232684,"l":64232684,"T":1534529089344,"m":true}, {"a":56960488,"p":"6472.87000000","q":"0.00193100","f":64232685,"l":64232685,"T":1534529089344,"m":true}, {"a":56960489,"p":"6472.58000000","q":"0.07724800","f":64232686,"l":64232686,"T":1534529089344,"m":true}, {"a":56960490,"p":"6472.51000000","q":"0.00169900","f":64232687,"l":64232687,"T":1534529089344,"m":true}, {"a":56960491,"p":"6472.28000000","q":"0.26170200","f":64232688,"l":64232688,"T":1534529089344,"m":true}, {"a":56960492,"p":"6472.25000000","q":"0.03090200","f":64232689,"l":64232689,"T":1534529089344,"m":true}, {"a":56960493,"p":"6472.16000000","q":"0.14286100","f":64232690,"l":64232690,"T":1534529089344,"m":true}, {"a":56960494,"p":"6474.97000000","q":"0.00948700","f":64232691,"l":64232691,"T":1534529089382,"m":false}, {"a":56960495,"p":"6474.97000000","q":"0.30000000","f":64232692,"l":64232692,"T":1534529089424,"m":false}, {"a":56960496,"p":"6474.97000000","q":"0.07714000","f":64232693,"l":64232693,"T":1534529089434,"m":false}, {"a":56960497,"p":"6472.16000000","q":"0.01000000","f":64232694,"l":64232694,"T":1534529089458,"m":true}, {"a":56960498,"p":"6474.96000000","q":"0.05000000","f":64232695,"l":64232695,"T":1534529089565,"m":false}, {"a":56960499,"p":"6474.96000000","q":"0.07714000","f":64232696,"l":64232696,"T":1534529089591,"m":false}, {"a":56960500,"p":"6474.96000000","q":"0.04000000","f":64232697,"l":64232697,"T":1534529089641,"m":false}, {"a":56960501,"p":"6474.96000000","q":"0.52740700","f":64232698,"l":64232698,"T":1534529089646,"m":false}, {"a":56960502,"p":"6474.96000000","q":"0.02000000","f":64232699,"l":64232699,"T":1534529089648,"m":false}, {"a":56960503,"p":"6474.96000000","q":"0.19155800","f":64232700,"l":64232700,"T":1534529089694,"m":false}, {"a":56960504,"p":"6474.96000000","q":"0.07849900","f":64232701,"l":64232701,"T":1534529089766,"m":false}, {"a":56960505,"p":"6474.97000000","q":"0.00572100","f":64232702,"l":64232702,"T":1534529089766,"m":false}, {"a":56960506,"p":"6474.97000000","q":"0.34964900","f":64232703,"l":64232704,"T":1534529089797,"m":false}, {"a":56960507,"p":"6474.98000000","q":"0.03000000","f":64232705,"l":64232705,"T":1534529089797,"m":false}, {"a":56960508,"p":"6475.00000000","q":"0.86481100","f":64232706,"l":64232706,"T":1534529089797,"m":false}, {"a":56960509,"p":"6475.00000000","q":"1.28782100","f":64232707,"l":64232708,"T":1534529089814,"m":false}, {"a":56960510,"p":"6475.00000000","q":"0.37134000","f":64232709,"l":64232709,"T":1534529089837,"m":false}, {"a":56960511,"p":"6475.00000000","q":"0.11763500","f":64232710,"l":64232710,"T":1534529089853,"m":false}, {"a":56960512,"p":"6475.00000000","q":"0.07073600","f":64232711,"l":64232711,"T":1534529089883,"m":false}, {"a":56960513,"p":"6475.00000000","q":"0.03614600","f":64232712,"l":64232712,"T":1534529089906,"m":false}, {"a":56960514,"p":"6475.00000000","q":"0.08000000","f":64232713,"l":64232713,"T":1534529089925,"m":false}, {"a":56960515,"p":"6475.00000000","q":"0.07518400","f":64232714,"l":64232714,"T":1534529089931,"m":false}, {"a":56960516,"p":"6475.00000000","q":"0.02244400","f":64232715,"l":64232715,"T":1534529089959,"m":false}, {"a":56960517,"p":"6475.00000000","q":"0.02290700","f":64232716,"l":64232716,"T":1534529089994,"m":false}, {"a":56960518,"p":"6476.15000000","q":"0.07488900","f":64232717,"l":64232717,"T":1534529090230,"m":false}, {"a":56960519,"p":"6477.99000000","q":"0.00228900","f":64232718,"l":64232718,"T":1534529090230,"m":false}, {"a":56960520,"p":"6478.01000000","q":"0.02476300","f":64232719,"l":64232719,"T":1534529090230,"m":false}, {"a":56960521,"p":"6477.24000000","q":"0.00862000","f":64232720,"l":64232720,"T":1534529090410,"m":false}, {"a":56960522,"p":"6475.01000000","q":"0.00811300","f":64232721,"l":64232721,"T":1534529090768,"m":true}, {"a":56960523,"p":"6475.01000000","q":"0.18484700","f":64232722,"l":64232722,"T":1534529090833,"m":true}, {"a":56960524,"p":"6475.00000000","q":"0.02000000","f":64232723,"l":64232723,"T":1534529090833,"m":true}, {"a":56960525,"p":"6472.72000000","q":"0.00302000","f":64232724,"l":64232724,"T":1534529091014,"m":true}, {"a":56960526,"p":"6473.00000000","q":"0.26568000","f":64232725,"l":64232725,"T":1534529091101,"m":false}, {"a":56960527,"p":"6475.00000000","q":"0.02000000","f":64232726,"l":64232726,"T":1534529091206,"m":false}, {"a":56960528,"p":"6475.00000000","q":"0.06147100","f":64232727,"l":64232727,"T":1534529091383,"m":false}, {"a":56960529,"p":"6472.37000000","q":"0.00302000","f":64232728,"l":64232728,"T":1534529091413,"m":true}, {"a":56960530,"p":"6475.00000000","q":"0.12214000","f":64232729,"l":64232729,"T":1534529091434,"m":false}, {"a":56960531,"p":"6472.37000000","q":"0.01969900","f":64232730,"l":64232730,"T":1534529091434,"m":true}, {"a":56960532,"p":"6475.00000000","q":"0.00852900","f":64232731,"l":64232731,"T":1534529091635,"m":false}, {"a":56960533,"p":"6475.00000000","q":"0.02000000","f":64232732,"l":64232732,"T":1534529091669,"m":false}, {"a":56960534,"p":"6472.37000000","q":"0.88781600","f":64232733,"l":64232733,"T":1534529091670,"m":true}, {"a":56960535,"p":"6475.00000000","q":"0.08000000","f":64232734,"l":64232734,"T":1534529091688,"m":false}, {"a":56960536,"p":"6475.00000000","q":"0.02103800","f":64232735,"l":64232735,"T":1534529091873,"m":false}, {"a":56960537,"p":"6475.00000000","q":"0.00216300","f":64232736,"l":64232736,"T":1534529091877,"m":false}, {"a":56960538,"p":"6475.00000000","q":"0.11108600","f":64232737,"l":64232737,"T":1534529092136,"m":false}, {"a":56960539,"p":"6475.00000000","q":"0.02668200","f":64232738,"l":64232738,"T":1534529092246,"m":false}, {"a":56960540,"p":"6475.00000000","q":"0.00688100","f":64232739,"l":64232739,"T":1534529092477,"m":false}, {"a":56960541,"p":"6475.00000000","q":"0.04200000","f":64232740,"l":64232740,"T":1534529092599,"m":false}, {"a":56960542,"p":"6472.38000000","q":"0.00199300","f":64232741,"l":64232741,"T":1534529092605,"m":true}, {"a":56960543,"p":"6472.38000000","q":"0.06822300","f":64232742,"l":64232742,"T":1534529092649,"m":true}, {"a":56960544,"p":"6475.00000000","q":"0.14309500","f":64232743,"l":64232743,"T":1534529092675,"m":false}, {"a":56960545,"p":"6475.00000000","q":"0.40196700","f":64232744,"l":64232744,"T":1534529092690,"m":false}, {"a":56960546,"p":"6475.00000000","q":"0.03498100","f":64232745,"l":64232745,"T":1534529092766,"m":false}, {"a":56960547,"p":"6475.00000000","q":"0.51053200","f":64232746,"l":64232746,"T":1534529092854,"m":false}, {"a":56960548,"p":"6475.00000000","q":"0.00458700","f":64232747,"l":64232747,"T":1534529092877,"m":false}, {"a":56960549,"p":"6473.69000000","q":"0.00458700","f":64232748,"l":64232748,"T":1534529092888,"m":false}, {"a":56960550,"p":"6473.69000000","q":"2.15352800","f":64232749,"l":64232749,"T":1534529092896,"m":false}, {"a":56960551,"p":"6473.69000000","q":"0.00458700","f":64232750,"l":64232750,"T":1534529092913,"m":true}, {"a":56960552,"p":"6472.38000000","q":"0.77943500","f":64232751,"l":64232751,"T":1534529092913,"m":true}, {"a":56960553,"p":"6472.38000000","q":"0.04943100","f":64232752,"l":64232752,"T":1534529092918,"m":false}, {"a":56960554,"p":"6472.38000000","q":"0.01619800","f":64232753,"l":64232753,"T":1534529092921,"m":false}, {"a":56960555,"p":"6475.00000000","q":"0.09533000","f":64232754,"l":64232754,"T":1534529092921,"m":false}, {"a":56960556,"p":"6475.00000000","q":"0.00573400","f":64232755,"l":64232755,"T":1534529092953,"m":false}, {"a":56960557,"p":"6475.00000000","q":"0.01984200","f":64232756,"l":64232756,"T":1534529092958,"m":false}, {"a":56960558,"p":"6475.00000000","q":"0.00458700","f":64232757,"l":64232757,"T":1534529093000,"m":false}, {"a":56960559,"p":"6474.99000000","q":"0.00458700","f":64232758,"l":64232758,"T":1534529093108,"m":false}, {"a":56960560,"p":"6474.99000000","q":"0.00688100","f":64232759,"l":64232759,"T":1534529093293,"m":false}, {"a":56960561,"p":"6474.99000000","q":"0.02380000","f":64232760,"l":64232760,"T":1534529093456,"m":false}, {"a":56960562,"p":"6474.99000000","q":"0.00458700","f":64232761,"l":64232761,"T":1534529093680,"m":false}, {"a":56960563,"p":"6474.99000000","q":"0.00185700","f":64232762,"l":64232762,"T":1534529093865,"m":false}, {"a":56960564,"p":"6474.97000000","q":"0.01764700","f":64232763,"l":64232763,"T":1534529093895,"m":true}, {"a":56960565,"p":"6474.97000000","q":"0.02145400","f":64232764,"l":64232764,"T":1534529093901,"m":true}, {"a":56960566,"p":"6472.37000000","q":"0.16630000","f":64232765,"l":64232765,"T":1534529093989,"m":false}, {"a":56960567,"p":"6472.37000000","q":"0.02044400","f":64232766,"l":64232766,"T":1534529094031,"m":false}, {"a":56960568,"p":"6472.37000000","q":"0.11113100","f":64232767,"l":64232767,"T":1534529094054,"m":false}, {"a":56960569,"p":"6472.37000000","q":"0.11858000","f":64232768,"l":64232768,"T":1534529094096,"m":false}, {"a":56960570,"p":"6472.37000000","q":"0.00000400","f":64232769,"l":64232769,"T":1534529094111,"m":false}, {"a":56960571,"p":"6474.99000000","q":"0.00310900","f":64232770,"l":64232770,"T":1534529094111,"m":false}, {"a":56960572,"p":"6472.18000000","q":"0.19305000","f":64232771,"l":64232771,"T":1534529094279,"m":true}, {"a":56960573,"p":"6472.17000000","q":"0.39002800","f":64232772,"l":64232773,"T":1534529094279,"m":true}, {"a":56960574,"p":"6472.15000000","q":"0.00154600","f":64232774,"l":64232774,"T":1534529094279,"m":true}, {"a":56960575,"p":"6472.00000000","q":"0.08222100","f":64232775,"l":64232776,"T":1534529094279,"m":true}, {"a":56960576,"p":"6471.97000000","q":"0.00772600","f":64232777,"l":64232777,"T":1534529094279,"m":true}, {"a":56960577,"p":"6471.91000000","q":"0.00683800","f":64232778,"l":64232778,"T":1534529094279,"m":true}, {"a":56960578,"p":"6471.72000000","q":"0.00324400","f":64232779,"l":64232780,"T":1534529094279,"m":true}, {"a":56960579,"p":"6471.12000000","q":"0.31534700","f":64232781,"l":64232781,"T":1534529094279,"m":true}, {"a":56960580,"p":"6474.99000000","q":"0.00308500","f":64232782,"l":64232782,"T":1534529094767,"m":false}, {"a":56960581,"p":"6474.99000000","q":"0.00246800","f":64232783,"l":64232783,"T":1534529094911,"m":false}, {"a":56960582,"p":"6474.99000000","q":"0.00246800","f":64232784,"l":64232784,"T":1534529095011,"m":false}, {"a":56960583,"p":"6474.99000000","q":"0.00308500","f":64232785,"l":64232785,"T":1534529095033,"m":false}, {"a":56960584,"p":"6474.99000000","q":"0.06648200","f":64232786,"l":64232786,"T":1534529095059,"m":false}, {"a":56960585,"p":"6475.00000000","q":"0.01029400","f":64232787,"l":64232787,"T":1534529095595,"m":false}, {"a":56960586,"p":"6474.99000000","q":"0.06445000","f":64232788,"l":64232788,"T":1534529095640,"m":true}, {"a":56960587,"p":"6474.99000000","q":"0.00001400","f":64232789,"l":64232789,"T":1534529095799,"m":true}, {"a":56960588,"p":"6472.37000000","q":"0.00339900","f":64232790,"l":64232790,"T":1534529095799,"m":true}, {"a":56960589,"p":"6471.22000000","q":"0.00108600","f":64232791,"l":64232791,"T":1534529095799,"m":true}, {"a":56960590,"p":"6471.22000000","q":"0.00351500","f":64232792,"l":64232792,"T":1534529095830,"m":true}, {"a":56960591,"p":"6474.99000000","q":"0.04899800","f":64232793,"l":64232793,"T":1534529095860,"m":false}, {"a":56960592,"p":"6472.15000000","q":"0.11124600","f":64232794,"l":64232794,"T":1534529096048,"m":false}, {"a":56960593,"p":"6471.22000000","q":"0.01671500","f":64232795,"l":64232795,"T":1534529096076,"m":true}, {"a":56960594,"p":"6472.15000000","q":"0.32025000","f":64232796,"l":64232796,"T":1534529096104,"m":false}, {"a":56960595,"p":"6471.87000000","q":"0.07548800","f":64232797,"l":64232797,"T":1534529096641,"m":true}, {"a":56960596,"p":"6471.26000000","q":"0.19305000","f":64232798,"l":64232798,"T":1534529096641,"m":true}, {"a":56960597,"p":"6471.25000000","q":"0.06267100","f":64232799,"l":64232799,"T":1534529096641,"m":true}, {"a":56960598,"p":"6474.99000000","q":"0.05200000","f":64232800,"l":64232800,"T":1534529096929,"m":false}, {"a":56960599,"p":"6471.28000000","q":"0.21872200","f":64232801,"l":64232802,"T":1534529097477,"m":true}, {"a":56960600,"p":"6474.99000000","q":"0.07141000","f":64232803,"l":64232803,"T":1534529097500,"m":false}, {"a":56960601,"p":"6471.28000000","q":"0.00227100","f":64232804,"l":64232804,"T":1534529097505,"m":true}, {"a":56960602,"p":"6474.99000000","q":"0.02524300","f":64232805,"l":64232805,"T":1534529097773,"m":false}, {"a":56960603,"p":"6475.00000000","q":"0.18056600","f":64232806,"l":64232806,"T":1534529097773,"m":false}, {"a":56960604,"p":"6471.87000000","q":"0.00307500","f":64232807,"l":64232807,"T":1534529097890,"m":false}, {"a":56960605,"p":"6471.87000000","q":"0.04963000","f":64232808,"l":64232808,"T":1534529098033,"m":false}, {"a":56960606,"p":"6471.87000000","q":"0.00693400","f":64232809,"l":64232809,"T":1534529098058,"m":false}, {"a":56960607,"p":"6471.87000000","q":"0.69549000","f":64232810,"l":64232810,"T":1534529098102,"m":false}, {"a":56960608,"p":"6471.87000000","q":"0.66750400","f":64232811,"l":64232811,"T":1534529098111,"m":false}, {"a":56960609,"p":"6471.87000000","q":"0.00919200","f":64232812,"l":64232812,"T":1534529098112,"m":false}, {"a":56960610,"p":"6471.87000000","q":"0.56817500","f":64232813,"l":64232813,"T":1534529098184,"m":false}, {"a":56960611,"p":"6471.88000000","q":"0.19305000","f":64232814,"l":64232814,"T":1534529098271,"m":true}, {"a":56960612,"p":"6471.87000000","q":"0.07588100","f":64232815,"l":64232815,"T":1534529098271,"m":true}, {"a":56960613,"p":"6474.99000000","q":"0.02824600","f":64232816,"l":64232816,"T":1534529098289,"m":false}, {"a":56960614,"p":"6471.87000000","q":"0.00000300","f":64232817,"l":64232817,"T":1534529098315,"m":true}, {"a":56960615,"p":"6474.99000000","q":"0.02732600","f":64232818,"l":64232818,"T":1534529098434,"m":false}, {"a":56960616,"p":"6474.99000000","q":"0.05266100","f":64232819,"l":64232819,"T":1534529098462,"m":false}, {"a":56960617,"p":"6474.99000000","q":"0.02500000","f":64232820,"l":64232820,"T":1534529098550,"m":false}, {"a":56960618,"p":"6472.18000000","q":"0.03484000","f":64232821,"l":64232821,"T":1534529098779,"m":false}, {"a":56960619,"p":"6474.99000000","q":"0.06516000","f":64232822,"l":64232822,"T":1534529098779,"m":false}, {"a":56960620,"p":"6474.99000000","q":"0.02500000","f":64232823,"l":64232823,"T":1534529098932,"m":false}, {"a":56960621,"p":"6474.99000000","q":"0.00871500","f":64232824,"l":64232824,"T":1534529098934,"m":false}, {"a":56960622,"p":"6474.99000000","q":"0.17070700","f":64232825,"l":64232825,"T":1534529099122,"m":false}, {"a":56960623,"p":"6475.00000000","q":"0.03371500","f":64232826,"l":64232826,"T":1534529099122,"m":false}, {"a":56960624,"p":"6472.38000000","q":"0.19985200","f":64232827,"l":64232827,"T":1534529099194,"m":true}, {"a":56960625,"p":"6475.00000000","q":"0.03165800","f":64232828,"l":64232828,"T":1534529099241,"m":false}, {"a":56960626,"p":"6472.38000000","q":"0.00525900","f":64232829,"l":64232829,"T":1534529099625,"m":true}, {"a":56960627,"p":"6472.38000000","q":"0.01391000","f":64232830,"l":64232830,"T":1534529099675,"m":true}, {"a":56960628,"p":"6474.99000000","q":"0.09529000","f":64232831,"l":64232831,"T":1534529099864,"m":false}, {"a":56960629,"p":"6475.00000000","q":"0.13799800","f":64232832,"l":64232832,"T":1534529099864,"m":false}, {"a":56960630,"p":"6475.00000000","q":"0.00884500","f":64232833,"l":64232833,"T":1534529099884,"m":false}, {"a":56960631,"p":"6475.00000000","q":"0.15776500","f":64232834,"l":64232834,"T":1534529100015,"m":false}, {"a":56960632,"p":"6473.69000000","q":"0.56854800","f":64232835,"l":64232835,"T":1534529100176,"m":false}, {"a":56960633,"p":"6472.38000000","q":"0.80777900","f":64232836,"l":64232837,"T":1534529100195,"m":true}, {"a":56960634,"p":"6472.38000000","q":"0.30567100","f":64232838,"l":64232839,"T":1534529100215,"m":true}, {"a":56960635,"p":"6475.00000000","q":"0.03000000","f":64232840,"l":64232840,"T":1534529100354,"m":false}, {"a":56960636,"p":"6475.00000000","q":"0.21292500","f":64232841,"l":64232841,"T":1534529100703,"m":false}, {"a":56960637,"p":"6475.00000000","q":"0.01784400","f":64232842,"l":64232842,"T":1534529100837,"m":false}, {"a":56960638,"p":"6472.38000000","q":"0.00198900","f":64232843,"l":64232843,"T":1534529100855,"m":true}, {"a":56960639,"p":"6475.00000000","q":"0.01419600","f":64232844,"l":64232844,"T":1534529101062,"m":false}, {"a":56960640,"p":"6472.40000000","q":"0.03709200","f":64232845,"l":64232845,"T":1534529101242,"m":true}, {"a":56960641,"p":"6472.40000000","q":"0.00198900","f":64232846,"l":64232846,"T":1534529101259,"m":true}, {"a":56960642,"p":"6472.40000000","q":"0.00000200","f":64232847,"l":64232847,"T":1534529101281,"m":true}, {"a":56960643,"p":"6472.40000000","q":"0.00298500","f":64232848,"l":64232848,"T":1534529101530,"m":true}, {"a":56960644,"p":"6475.00000000","q":"0.00779500","f":64232849,"l":64232849,"T":1534529101734,"m":false}, {"a":56960645,"p":"6475.00000000","q":"0.04904200","f":64232850,"l":64232850,"T":1534529101807,"m":false}, {"a":56960646,"p":"6475.00000000","q":"0.10026700","f":64232851,"l":64232851,"T":1534529101814,"m":false}, {"a":56960647,"p":"6475.00000000","q":"0.05170700","f":64232852,"l":64232852,"T":1534529101878,"m":false}, {"a":56960648,"p":"6475.00000000","q":"0.14669300","f":64232853,"l":64232853,"T":1534529101895,"m":false}, {"a":56960649,"p":"6475.00000000","q":"0.06346800","f":64232854,"l":64232854,"T":1534529101899,"m":false}, {"a":56960650,"p":"6472.41000000","q":"1.00000000","f":64232855,"l":64232855,"T":1534529102207,"m":true}, {"a":56960651,"p":"6472.40000000","q":"0.08300000","f":64232856,"l":64232856,"T":1534529102207,"m":true}, {"a":56960652,"p":"6472.37000000","q":"0.00500000","f":64232857,"l":64232857,"T":1534529102207,"m":true}, {"a":56960653,"p":"6471.88000000","q":"0.03491400","f":64232858,"l":64232858,"T":1534529102207,"m":true}, {"a":56960654,"p":"6474.99000000","q":"0.03184500","f":64232859,"l":64232859,"T":1534529102281,"m":false}, {"a":56960655,"p":"6471.88000000","q":"0.13795500","f":64232860,"l":64232860,"T":1534529102301,"m":true}, {"a":56960656,"p":"6471.88000000","q":"0.02942000","f":64232861,"l":64232862,"T":1534529102476,"m":true}, {"a":56960657,"p":"6474.99000000","q":"0.19611900","f":64232863,"l":64232863,"T":1534529102619,"m":false}, {"a":56960658,"p":"6475.00000000","q":"0.21923100","f":64232864,"l":64232864,"T":1534529102619,"m":false}, {"a":56960659,"p":"6475.00000000","q":"0.00700000","f":64232865,"l":64232865,"T":1534529102632,"m":false}, {"a":56960660,"p":"6471.89000000","q":"0.19305000","f":64232866,"l":64232866,"T":1534529102679,"m":true}, {"a":56960661,"p":"6471.88000000","q":"0.80695000","f":64232867,"l":64232867,"T":1534529102679,"m":true}, {"a":56960662,"p":"6474.66000000","q":"0.13035900","f":64232868,"l":64232868,"T":1534529102758,"m":false}, {"a":56960663,"p":"6474.65000000","q":"0.12689200","f":64232869,"l":64232869,"T":1534529102781,"m":false}, {"a":56960664,"p":"6471.90000000","q":"0.15623000","f":64232870,"l":64232870,"T":1534529102883,"m":true}, {"a":56960665,"p":"6474.65000000","q":"0.22429400","f":64232871,"l":64232871,"T":1534529102986,"m":false}, {"a":56960666,"p":"6474.66000000","q":"0.03960100","f":64232872,"l":64232872,"T":1534529102986,"m":false}, {"a":56960667,"p":"6471.90000000","q":"0.03682000","f":64232873,"l":64232873,"T":1534529103010,"m":true}, {"a":56960668,"p":"6471.88000000","q":"0.46318000","f":64232874,"l":64232874,"T":1534529103010,"m":true}, {"a":56960669,"p":"6474.65000000","q":"0.15623000","f":64232875,"l":64232875,"T":1534529103101,"m":false}, {"a":56960670,"p":"6474.66000000","q":"0.18823100","f":64232876,"l":64232876,"T":1534529103101,"m":false}, {"a":56960671,"p":"6474.66000000","q":"0.16097200","f":64232877,"l":64232877,"T":1534529103124,"m":false}, {"a":56960672,"p":"6475.00000000","q":"2.17051200","f":64232878,"l":64232880,"T":1534529103124,"m":false}, {"a":56960673,"p":"6475.00000000","q":"0.08646600","f":64232881,"l":64232881,"T":1534529103148,"m":false}, {"a":56960674,"p":"6475.00000000","q":"0.66586000","f":64232882,"l":64232885,"T":1534529103167,"m":false}, {"a":56960675,"p":"6471.93000000","q":"0.51510100","f":64232886,"l":64232886,"T":1534529103339,"m":true}, {"a":56960676,"p":"6471.93000000","q":"0.09616400","f":64232887,"l":64232887,"T":1534529103366,"m":true}, {"a":56960677,"p":"6474.99000000","q":"0.01545900","f":64232888,"l":64232888,"T":1534529103759,"m":false}, {"a":56960678,"p":"6474.99000000","q":"0.02136100","f":64232889,"l":64232889,"T":1534529103774,"m":false}, {"a":56960679,"p":"6476.15000000","q":"0.14273900","f":64232890,"l":64232890,"T":1534529103774,"m":false}, {"a":56960680,"p":"6472.62000000","q":"0.08913300","f":64232891,"l":64232891,"T":1534529104268,"m":true}, {"a":56960681,"p":"6476.15000000","q":"0.01760600","f":64232892,"l":64232892,"T":1534529104329,"m":false}, {"a":56960682,"p":"6477.19000000","q":"0.01751600","f":64232893,"l":64232893,"T":1534529104329,"m":false}, {"a":56960683,"p":"6472.62000000","q":"0.00000100","f":64232894,"l":64232894,"T":1534529104474,"m":true}, {"a":56960684,"p":"6472.63000000","q":"0.27645500","f":64232895,"l":64232895,"T":1534529104540,"m":true}, {"a":56960685,"p":"6476.14000000","q":"0.08913300","f":64232896,"l":64232896,"T":1534529104656,"m":false}, {"a":56960686,"p":"6477.19000000","q":"0.02248400","f":64232897,"l":64232897,"T":1534529104739,"m":false}, {"a":56960687,"p":"6472.66000000","q":"0.19298400","f":64232898,"l":64232898,"T":1534529104781,"m":true}, {"a":56960688,"p":"6472.65000000","q":"0.30963300","f":64232899,"l":64232900,"T":1534529104781,"m":true}, {"a":56960689,"p":"6472.66000000","q":"0.01066900","f":64232901,"l":64232901,"T":1534529105071,"m":true}, {"a":56960690,"p":"6472.66000000","q":"0.18229100","f":64232902,"l":64232902,"T":1534529105215,"m":true}, {"a":56960691,"p":"6472.65000000","q":"0.15142200","f":64232903,"l":64232903,"T":1534529105215,"m":true}, {"a":56960692,"p":"6472.65000000","q":"0.25982600","f":64232904,"l":64232904,"T":1534529105215,"m":true}, {"a":56960693,"p":"6472.63000000","q":"0.02354500","f":64232905,"l":64232905,"T":1534529105215,"m":true}, {"a":56960694,"p":"6472.62000000","q":"0.05034200","f":64232906,"l":64232906,"T":1534529105215,"m":true}, {"a":56960695,"p":"6472.62000000","q":"0.01899600","f":64232907,"l":64232907,"T":1534529105215,"m":true}, {"a":56960696,"p":"6472.62000000","q":"0.01372000","f":64232908,"l":64232908,"T":1534529105237,"m":true}, {"a":56960697,"p":"6472.62000000","q":"0.00464000","f":64232909,"l":64232909,"T":1534529105244,"m":true}, {"a":56960698,"p":"6478.00000000","q":"0.10012200","f":64232910,"l":64232910,"T":1534529105252,"m":false}, {"a":56960699,"p":"6473.31000000","q":"0.04099700","f":64232911,"l":64232911,"T":1534529105274,"m":true}, {"a":56960700,"p":"6473.31000000","q":"0.03343600","f":64232912,"l":64232912,"T":1534529105343,"m":true}, {"a":56960701,"p":"6472.67000000","q":"1.00000000","f":64232913,"l":64232913,"T":1534529105343,"m":true}, {"a":56960702,"p":"6472.62000000","q":"2.62318500","f":64232914,"l":64232914,"T":1534529105343,"m":true}, {"a":56960703,"p":"6475.00000000","q":"0.10630000","f":64232915,"l":64232915,"T":1534529105440,"m":false}, {"a":56960704,"p":"6475.00000000","q":"0.00006400","f":64232916,"l":64232916,"T":1534529105464,"m":false}, {"a":56960705,"p":"6475.13000000","q":"0.10000000","f":64232917,"l":64232917,"T":1534529105553,"m":true}, {"a":56960706,"p":"6475.13000000","q":"0.09296000","f":64232918,"l":64232918,"T":1534529105576,"m":true}, {"a":56960707,"p":"6475.12000000","q":"0.09592200","f":64232919,"l":64232919,"T":1534529105576,"m":true}, {"a":56960708,"p":"6475.12000000","q":"0.04163700","f":64232920,"l":64232920,"T":1534529105667,"m":true}, {"a":56960709,"p":"6475.12000000","q":"0.00185000","f":64232921,"l":64232921,"T":1534529105724,"m":true}, {"a":56960710,"p":"6475.12000000","q":"0.01667300","f":64232922,"l":64232922,"T":1534529105823,"m":true}, {"a":56960711,"p":"6475.12000000","q":"0.00712900","f":64232923,"l":64232923,"T":1534529106165,"m":true}, {"a":56960712,"p":"6475.12000000","q":"0.05258900","f":64232924,"l":64232924,"T":1534529106184,"m":true}, {"a":56960713,"p":"6475.12000000","q":"0.00278000","f":64232925,"l":64232925,"T":1534529106193,"m":true}, {"a":56960714,"p":"6477.32000000","q":"0.09000000","f":64232926,"l":64232926,"T":1534529106317,"m":false}, {"a":56960715,"p":"6477.34000000","q":"0.41000000","f":64232927,"l":64232927,"T":1534529106317,"m":false}, {"a":56960716,"p":"6475.12000000","q":"0.00307800","f":64232928,"l":64232928,"T":1534529106347,"m":true}, {"a":56960717,"p":"6477.34000000","q":"0.21830600","f":64232929,"l":64232929,"T":1534529106579,"m":false}, {"a":56960718,"p":"6477.35000000","q":"0.07499700","f":64232930,"l":64232930,"T":1534529106579,"m":false}, {"a":56960719,"p":"6478.00000000","q":"0.06494400","f":64232931,"l":64232931,"T":1534529106579,"m":false}, {"a":56960720,"p":"6478.00000000","q":"0.02791900","f":64232932,"l":64232932,"T":1534529106627,"m":false}, {"a":56960721,"p":"6478.01000000","q":"0.01518900","f":64232933,"l":64232933,"T":1534529106627,"m":false}, {"a":56960722,"p":"6478.01000000","q":"0.12352500","f":64232934,"l":64232934,"T":1534529106657,"m":false}, {"a":56960723,"p":"6478.00000000","q":"0.38592000","f":64232935,"l":64232935,"T":1534529106782,"m":false}, {"a":56960724,"p":"6479.34000000","q":"0.66270800","f":64232936,"l":64232936,"T":1534529106782,"m":false}, {"a":56960725,"p":"6479.75000000","q":"0.07575000","f":64232937,"l":64232937,"T":1534529106782,"m":false}, {"a":56960726,"p":"6479.82000000","q":"0.50000000","f":64232938,"l":64232938,"T":1534529106782,"m":false}, {"a":56960727,"p":"6480.00000000","q":"0.67070100","f":64232939,"l":64232941,"T":1534529106782,"m":false}, {"a":56960728,"p":"6480.17000000","q":"0.00555700","f":64232942,"l":64232942,"T":1534529106782,"m":false}, {"a":56960729,"p":"6480.47000000","q":"0.01237100","f":64232943,"l":64232943,"T":1534529106782,"m":false}, {"a":56960730,"p":"6481.00000000","q":"0.01090900","f":64232944,"l":64232944,"T":1534529106782,"m":false}, {"a":56960731,"p":"6481.08000000","q":"0.07563900","f":64232945,"l":64232945,"T":1534529106782,"m":false}, {"a":56960732,"p":"6481.20000000","q":"0.34565700","f":64232946,"l":64232946,"T":1534529106782,"m":false}, {"a":56960733,"p":"6475.78000000","q":"0.00704200","f":64232947,"l":64232947,"T":1534529107284,"m":true}, {"a":56960734,"p":"6481.18000000","q":"0.00000100","f":64232948,"l":64232948,"T":1534529107535,"m":false}, {"a":56960735,"p":"6481.18000000","q":"0.00704100","f":64232949,"l":64232949,"T":1534529107652,"m":false}, {"a":56960736,"p":"6481.19000000","q":"0.11039900","f":64232950,"l":64232950,"T":1534529107652,"m":false}, {"a":56960737,"p":"6481.20000000","q":"0.15434300","f":64232951,"l":64232951,"T":1534529107652,"m":false}, {"a":56960738,"p":"6475.78000000","q":"0.15472900","f":64232952,"l":64232952,"T":1534529107669,"m":true}, {"a":56960739,"p":"6475.78000000","q":"0.09029800","f":64232953,"l":64232954,"T":1534529107671,"m":true}, {"a":56960740,"p":"6475.79000000","q":"0.01636200","f":64232955,"l":64232955,"T":1534529107894,"m":true}, {"a":56960741,"p":"6476.14000000","q":"0.09994400","f":64232956,"l":64232956,"T":1534529108182,"m":true}, {"a":56960742,"p":"6476.79000000","q":"0.04267400","f":64232957,"l":64232957,"T":1534529108227,"m":true}, {"a":56960743,"p":"6476.80000000","q":"0.00000100","f":64232958,"l":64232958,"T":1534529108288,"m":true}, {"a":56960744,"p":"6476.80000000","q":"0.00000300","f":64232959,"l":64232959,"T":1534529108314,"m":true}, {"a":56960745,"p":"6476.80000000","q":"0.01345100","f":64232960,"l":64232960,"T":1534529108385,"m":true}, {"a":56960746,"p":"6481.80000000","q":"0.13038700","f":64232961,"l":64232961,"T":1534529108496,"m":false}, {"a":56960747,"p":"6481.80000000","q":"0.05543600","f":64232962,"l":64232962,"T":1534529108644,"m":false}, {"a":56960748,"p":"6481.81000000","q":"0.04462100","f":64232963,"l":64232963,"T":1534529108644,"m":false}, {"a":56960749,"p":"6476.80000000","q":"0.00313000","f":64232964,"l":64232964,"T":1534529108932,"m":true}, {"a":56960750,"p":"6481.80000000","q":"0.00024000","f":64232965,"l":64232965,"T":1534529109067,"m":false}, {"a":56960751,"p":"6481.79000000","q":"0.04071900","f":64232966,"l":64232966,"T":1534529109877,"m":false}, {"a":56960752,"p":"6481.79000000","q":"0.95928100","f":64232967,"l":64232967,"T":1534529110088,"m":false}, {"a":56960753,"p":"6481.80000000","q":"0.12952100","f":64232968,"l":64232968,"T":1534529110088,"m":false}, {"a":56960754,"p":"6481.83000000","q":"0.98192300","f":64232969,"l":64232970,"T":1534529110088,"m":false}, {"a":56960755,"p":"6482.27000000","q":"0.50000000","f":64232971,"l":64232971,"T":1534529110088,"m":false}, {"a":56960756,"p":"6482.44000000","q":"0.07528200","f":64232972,"l":64232972,"T":1534529110088,"m":false}, {"a":56960757,"p":"6483.75000000","q":"0.07567100","f":64232973,"l":64232973,"T":1534529110088,"m":false}, {"a":56960758,"p":"6484.18000000","q":"1.15508100","f":64232974,"l":64232974,"T":1534529110088,"m":false}, {"a":56960759,"p":"6476.82000000","q":"0.01358800","f":64232975,"l":64232975,"T":1534529110262,"m":true}, {"a":56960760,"p":"6478.00000000","q":"1.00000000","f":64232976,"l":64232976,"T":1534529110427,"m":false}, {"a":56960761,"p":"6481.79000000","q":"1.00000000","f":64232977,"l":64232977,"T":1534529110615,"m":false}, {"a":56960762,"p":"6484.17000000","q":"0.02000000","f":64232978,"l":64232978,"T":1534529110866,"m":false}, {"a":56960763,"p":"6481.82000000","q":"0.09991900","f":64232979,"l":64232979,"T":1534529111086,"m":true}, {"a":56960764,"p":"6481.82000000","q":"0.03893900","f":64232980,"l":64232980,"T":1534529111140,"m":true}, {"a":56960765,"p":"6481.82000000","q":"0.03036000","f":64232981,"l":64232981,"T":1534529111249,"m":true}, {"a":56960766,"p":"6481.83000000","q":"0.54545000","f":64232982,"l":64232982,"T":1534529111414,"m":true}, {"a":56960767,"p":"6481.83000000","q":"0.00612600","f":64232983,"l":64232983,"T":1534529111438,"m":true}, {"a":56960768,"p":"6481.83000000","q":"0.07981600","f":64232984,"l":64232984,"T":1534529111455,"m":true}, {"a":56960769,"p":"6481.83000000","q":"0.49764200","f":64232985,"l":64232986,"T":1534529111556,"m":true}, {"a":56960770,"p":"6481.83000000","q":"0.00461300","f":64232987,"l":64232987,"T":1534529111639,"m":true}, {"a":56960771,"p":"6481.83000000","q":"0.00309200","f":64232988,"l":64232988,"T":1534529111830,"m":true}, {"a":56960772,"p":"6481.83000000","q":"0.09992100","f":64232989,"l":64232989,"T":1534529112177,"m":true}, {"a":56960773,"p":"6481.83000000","q":"0.24989700","f":64232990,"l":64232990,"T":1534529112239,"m":true}, {"a":56960774,"p":"6484.17000000","q":"0.00003500","f":64232991,"l":64232991,"T":1534529112443,"m":false}, {"a":56960775,"p":"6482.48000000","q":"0.05841300","f":64232992,"l":64232992,"T":1534529112657,"m":true}, {"a":56960776,"p":"6482.83000000","q":"0.01797800","f":64232993,"l":64232993,"T":1534529112899,"m":true}, {"a":56960777,"p":"6484.17000000","q":"0.00000200","f":64232994,"l":64232994,"T":1534529112906,"m":false}, {"a":56960778,"p":"6484.17000000","q":"0.00000100","f":64232995,"l":64232995,"T":1534529112906,"m":false}, {"a":56960779,"p":"6482.83000000","q":"0.13624300","f":64232996,"l":64232996,"T":1534529112951,"m":true}, {"a":56960780,"p":"6484.17000000","q":"0.04150500","f":64232997,"l":64232997,"T":1534529113016,"m":false}, {"a":56960781,"p":"6484.17000000","q":"0.00053600","f":64232998,"l":64232998,"T":1534529113035,"m":false}, {"a":56960782,"p":"6482.84000000","q":"0.08364000","f":64232999,"l":64232999,"T":1534529113276,"m":true}, {"a":56960783,"p":"6482.84000000","q":"0.00999500","f":64233000,"l":64233000,"T":1534529113310,"m":true}, {"a":56960784,"p":"6482.84000000","q":"0.35245800","f":64233001,"l":64233001,"T":1534529113397,"m":true}, {"a":56960785,"p":"6482.84000000","q":"0.05924300","f":64233002,"l":64233002,"T":1534529113651,"m":true}, {"a":56960786,"p":"6482.85000000","q":"0.00184100","f":64233003,"l":64233003,"T":1534529113776,"m":true}, {"a":56960787,"p":"6482.85000000","q":"0.21786600","f":64233004,"l":64233004,"T":1534529113908,"m":true}, {"a":56960788,"p":"6482.84000000","q":"0.03191000","f":64233005,"l":64233006,"T":1534529113908,"m":true}, {"a":56960789,"p":"6484.17000000","q":"0.15560100","f":64233007,"l":64233007,"T":1534529113928,"m":false}, {"a":56960790,"p":"6482.84000000","q":"0.05329200","f":64233008,"l":64233008,"T":1534529114085,"m":true}, {"a":56960791,"p":"6482.84000000","q":"0.01074100","f":64233009,"l":64233009,"T":1534529114140,"m":true}, {"a":56960792,"p":"6482.84000000","q":"0.00969500","f":64233010,"l":64233010,"T":1534529114313,"m":true}, {"a":56960793,"p":"6482.84000000","q":"0.08008200","f":64233011,"l":64233011,"T":1534529114362,"m":true}, {"a":56960794,"p":"6482.84000000","q":"0.00231900","f":64233012,"l":64233012,"T":1534529114391,"m":true}, {"a":56960795,"p":"6482.84000000","q":"0.00448600","f":64233013,"l":64233013,"T":1534529114430,"m":true}, {"a":56960796,"p":"6482.84000000","q":"0.00461100","f":64233014,"l":64233014,"T":1534529114590,"m":true}, {"a":56960797,"p":"6484.15000000","q":"0.78232000","f":64233015,"l":64233015,"T":1534529114629,"m":false}, {"a":56960798,"p":"6484.16000000","q":"0.21768000","f":64233016,"l":64233016,"T":1534529114629,"m":false}, {"a":56960799,"p":"6484.60000000","q":"0.03416600","f":64233017,"l":64233017,"T":1534529114629,"m":false}, {"a":56960800,"p":"6484.62000000","q":"0.10966900","f":64233018,"l":64233018,"T":1534529114629,"m":false}, {"a":56960801,"p":"6484.99000000","q":"0.00001100","f":64233019,"l":64233019,"T":1534529114629,"m":false}, {"a":56960802,"p":"6485.69000000","q":"0.09916500","f":64233020,"l":64233020,"T":1534529114629,"m":false}, {"a":56960803,"p":"6486.56000000","q":"0.50000000","f":64233021,"l":64233021,"T":1534529114629,"m":false}, {"a":56960804,"p":"6486.95000000","q":"0.04407200","f":64233022,"l":64233022,"T":1534529114629,"m":false}, {"a":56960805,"p":"6488.00000000","q":"0.61439700","f":64233023,"l":64233023,"T":1534529114629,"m":false}, {"a":56960806,"p":"6488.00000000","q":"0.05484500","f":64233024,"l":64233024,"T":1534529114651,"m":true}, {"a":56960807,"p":"6482.84000000","q":"0.05484500","f":64233025,"l":64233025,"T":1534529114651,"m":true}, {"a":56960808,"p":"6482.84000000","q":"0.05484500","f":64233026,"l":64233026,"T":1534529114651,"m":true}, {"a":56960809,"p":"6488.42000000","q":"0.07485000","f":64233027,"l":64233027,"T":1534529114666,"m":false}, {"a":56960810,"p":"6489.76000000","q":"0.03483900","f":64233028,"l":64233028,"T":1534529114666,"m":false}, {"a":56960811,"p":"6483.50000000","q":"0.03703900","f":64233029,"l":64233029,"T":1534529114845,"m":true}, {"a":56960812,"p":"6483.50000000","q":"0.01234400","f":64233030,"l":64233030,"T":1534529115076,"m":true}, {"a":56960813,"p":"6483.50000000","q":"0.01072900","f":64233031,"l":64233031,"T":1534529115143,"m":true}, {"a":56960814,"p":"6484.15000000","q":"0.03993800","f":64233032,"l":64233032,"T":1534529115231,"m":true}, {"a":56960815,"p":"6484.16000000","q":"0.03438500","f":64233033,"l":64233033,"T":1534529115291,"m":true}, {"a":56960816,"p":"6484.16000000","q":"0.13621800","f":64233034,"l":64233034,"T":1534529115384,"m":true}, {"a":56960817,"p":"6484.16000000","q":"0.02202700","f":64233035,"l":64233035,"T":1534529115431,"m":true}, {"a":56960818,"p":"6484.15000000","q":"0.01244300","f":64233036,"l":64233036,"T":1534529115431,"m":true}, {"a":56960819,"p":"6484.15000000","q":"0.02203100","f":64233037,"l":64233037,"T":1534529115444,"m":true}, {"a":56960820,"p":"6483.49000000","q":"0.00087200","f":64233038,"l":64233038,"T":1534529115444,"m":true}, {"a":56960821,"p":"6483.50000000","q":"0.19263100","f":64233039,"l":64233039,"T":1534529115531,"m":true}, {"a":56960822,"p":"6483.49000000","q":"0.07463200","f":64233040,"l":64233040,"T":1534529115531,"m":true}, {"a":56960823,"p":"6482.84000000","q":"0.16945000","f":64233041,"l":64233041,"T":1534529115531,"m":true}, {"a":56960824,"p":"6482.83000000","q":"0.00003300","f":64233042,"l":64233042,"T":1534529115531,"m":true}, {"a":56960825,"p":"6481.82000000","q":"0.76451500","f":64233043,"l":64233043,"T":1534529115531,"m":true}, {"a":56960826,"p":"6484.16000000","q":"0.00619600","f":64233044,"l":64233044,"T":1534529115803,"m":false}, {"a":56960827,"p":"6488.48000000","q":"0.02847900","f":64233045,"l":64233045,"T":1534529115803,"m":false}, {"a":56960828,"p":"6482.98000000","q":"0.01902000","f":64233046,"l":64233046,"T":1534529116093,"m":true}, {"a":56960829,"p":"6482.99000000","q":"0.00429700","f":64233047,"l":64233047,"T":1534529117010,"m":true}, {"a":56960830,"p":"6482.99000000","q":"0.00175800","f":64233048,"l":64233048,"T":1534529117070,"m":true}, {"a":56960831,"p":"6482.99000000","q":"0.17500000","f":64233049,"l":64233049,"T":1534529117182,"m":true}, {"a":56960832,"p":"6482.99000000","q":"0.00229800","f":64233050,"l":64233050,"T":1534529117719,"m":true}, {"a":56960833,"p":"6484.15000000","q":"0.04100000","f":64233051,"l":64233051,"T":1534529117987,"m":true}, {"a":56960834,"p":"6485.41000000","q":"0.10000000","f":64233052,"l":64233052,"T":1534529118039,"m":false}, {"a":56960835,"p":"6484.15000000","q":"0.01234700","f":64233053,"l":64233053,"T":1534529118097,"m":true}, {"a":56960836,"p":"6484.15000000","q":"0.73795000","f":64233054,"l":64233054,"T":1534529118114,"m":true}, {"a":56960837,"p":"6484.15000000","q":"0.00000600","f":64233055,"l":64233055,"T":1534529119802,"m":true}, {"a":56960838,"p":"6484.15000000","q":"2.66266100","f":64233056,"l":64233056,"T":1534529119821,"m":false}, {"a":56960839,"p":"6484.16000000","q":"1.05693100","f":64233057,"l":64233057,"T":1534529119829,"m":false}, {"a":56960840,"p":"6484.16000000","q":"0.99353100","f":64233058,"l":64233058,"T":1534529119841,"m":false}, {"a":56960841,"p":"6484.16000000","q":"0.01469400","f":64233059,"l":64233060,"T":1534529119860,"m":false}, {"a":56960842,"p":"6484.17000000","q":"0.04353600","f":64233061,"l":64233061,"T":1534529119860,"m":false}, {"a":56960843,"p":"6484.15000000","q":"0.00000600","f":64233062,"l":64233062,"T":1534529120365,"m":true}, {"a":56960844,"p":"6482.99000000","q":"0.04135700","f":64233063,"l":64233064,"T":1534529120365,"m":true}, {"a":56960845,"p":"6481.83000000","q":"0.02028300","f":64233065,"l":64233065,"T":1534529120365,"m":true}, {"a":56960846,"p":"6481.82000000","q":"0.06626700","f":64233066,"l":64233066,"T":1534529120365,"m":true}, {"a":56960847,"p":"6481.79000000","q":"0.19145900","f":64233067,"l":64233067,"T":1534529120365,"m":true}, {"a":56960848,"p":"6480.15000000","q":"0.03194100","f":64233068,"l":64233068,"T":1534529120365,"m":true}, {"a":56960849,"p":"6480.16000000","q":"0.00005400","f":64233069,"l":64233069,"T":1534529120916,"m":true}, {"a":56960850,"p":"6481.83000000","q":"0.02625000","f":64233070,"l":64233070,"T":1534529120972,"m":false}, {"a":56960851,"p":"6484.16000000","q":"0.00313000","f":64233071,"l":64233071,"T":1534529120972,"m":false}, {"a":56960852,"p":"6484.17000000","q":"0.04089400","f":64233072,"l":64233072,"T":1534529120972,"m":false}, {"a":56960853,"p":"6480.16000000","q":"0.19272300","f":64233073,"l":64233073,"T":1534529120987,"m":true}, {"a":56960854,"p":"6480.04000000","q":"0.02561900","f":64233074,"l":64233074,"T":1534529120987,"m":true}, {"a":56960855,"p":"6480.16000000","q":"0.09992100","f":64233075,"l":64233075,"T":1534529121245,"m":true}, {"a":56960856,"p":"6480.16000000","q":"0.24017300","f":64233076,"l":64233076,"T":1534529121302,"m":true}, {"a":56960857,"p":"6480.16000000","q":"0.00199200","f":64233077,"l":64233077,"T":1534529121445,"m":true}, {"a":56960858,"p":"6484.14000000","q":"0.00462600","f":64233078,"l":64233078,"T":1534529121446,"m":false}, {"a":56960859,"p":"6484.14000000","q":"0.00399900","f":64233079,"l":64233079,"T":1534529121521,"m":false}, {"a":56960860,"p":"6484.14000000","q":"0.06581800","f":64233080,"l":64233080,"T":1534529122152,"m":false}, {"a":56960861,"p":"6484.14000000","q":"0.75641700","f":64233081,"l":64233081,"T":1534529122153,"m":false}, {"a":56960862,"p":"6484.15000000","q":"0.61061100","f":64233082,"l":64233082,"T":1534529122153,"m":false}, {"a":56960863,"p":"6484.17000000","q":"0.01844800","f":64233083,"l":64233083,"T":1534529122153,"m":false}, {"a":56960864,"p":"6484.55000000","q":"0.50000000","f":64233084,"l":64233084,"T":1534529122153,"m":false}, {"a":56960865,"p":"6484.95000000","q":"0.07425700","f":64233085,"l":64233085,"T":1534529122153,"m":false}, {"a":56960866,"p":"6485.41000000","q":"0.00185000","f":64233086,"l":64233086,"T":1534529122153,"m":false}, {"a":56960867,"p":"6486.35000000","q":"4.23700000","f":64233087,"l":64233087,"T":1534529122153,"m":false}, {"a":56960868,"p":"6486.40000000","q":"0.50000000","f":64233088,"l":64233088,"T":1534529122153,"m":false}, {"a":56960869,"p":"6486.44000000","q":"0.07428900","f":64233089,"l":64233089,"T":1534529122153,"m":false}, {"a":56960870,"p":"6487.73000000","q":"2.00000000","f":64233090,"l":64233090,"T":1534529122153,"m":false}, {"a":56960871,"p":"6488.44000000","q":"0.07461200","f":64233091,"l":64233091,"T":1534529122153,"m":false}, {"a":56960872,"p":"6488.44000000","q":"0.01462800","f":64233092,"l":64233092,"T":1534529122194,"m":true}, {"a":56960873,"p":"6488.44000000","q":"0.01462800","f":64233093,"l":64233093,"T":1534529122227,"m":true}, {"a":56960874,"p":"6488.44000000","q":"0.27627200","f":64233094,"l":64233094,"T":1534529122249,"m":true}, {"a":56960875,"p":"6488.48000000","q":"0.01215600","f":64233095,"l":64233095,"T":1534529122300,"m":false}, {"a":56960876,"p":"6488.44000000","q":"0.16000000","f":64233096,"l":64233096,"T":1534529122351,"m":true}, {"a":56960877,"p":"6488.44000000","q":"0.03448100","f":64233097,"l":64233097,"T":1534529122430,"m":true}, {"a":56960878,"p":"6483.82000000","q":"0.02962300","f":64233098,"l":64233098,"T":1534529122436,"m":true}, {"a":56960879,"p":"6483.82000000","q":"0.04559900","f":64233099,"l":64233099,"T":1534529122689,"m":true}, {"a":56960880,"p":"6483.17000000","q":"0.02988000","f":64233100,"l":64233100,"T":1534529122689,"m":true}, {"a":56960881,"p":"6488.43000000","q":"0.00300000","f":64233101,"l":64233101,"T":1534529122869,"m":false}, {"a":56960882,"p":"6483.18000000","q":"0.19265000","f":64233102,"l":64233102,"T":1534529123074,"m":true}, {"a":56960883,"p":"6483.17000000","q":"0.06719400","f":64233103,"l":64233103,"T":1534529123074,"m":true}, {"a":56960884,"p":"6482.45000000","q":"0.07462800","f":64233104,"l":64233104,"T":1534529123074,"m":true}, {"a":56960885,"p":"6482.00000000","q":"0.94742000","f":64233105,"l":64233105,"T":1534529123105,"m":false}, {"a":56960886,"p":"6482.00000000","q":"0.71810800","f":64233106,"l":64233106,"T":1534529123162,"m":false}, {"a":56960887,"p":"6480.83000000","q":"0.02002900","f":64233107,"l":64233107,"T":1534529123703,"m":true}, {"a":56960888,"p":"6480.83000000","q":"0.00463200","f":64233108,"l":64233108,"T":1534529123840,"m":true}, {"a":56960889,"p":"6483.82000000","q":"0.10700000","f":64233109,"l":64233109,"T":1534529124382,"m":false}, {"a":56960890,"p":"6485.40000000","q":"0.19265000","f":64233110,"l":64233110,"T":1534529124382,"m":false}, {"a":56960891,"p":"6485.41000000","q":"0.00185000","f":64233111,"l":64233111,"T":1534529124382,"m":false}, {"a":56960892,"p":"6486.35000000","q":"0.03817300","f":64233112,"l":64233112,"T":1534529124506,"m":true}, {"a":56960893,"p":"6486.35000000","q":"0.00246800","f":64233113,"l":64233113,"T":1534529124542,"m":true}, {"a":56960894,"p":"6486.35000000","q":"0.00936300","f":64233114,"l":64233114,"T":1534529124567,"m":true}, {"a":56960895,"p":"6486.35000000","q":"0.00478900","f":64233115,"l":64233115,"T":1534529124679,"m":true}, {"a":56960896,"p":"6486.35000000","q":"0.00478900","f":64233116,"l":64233116,"T":1534529124791,"m":true}, {"a":56960897,"p":"6486.35000000","q":"0.00398300","f":64233117,"l":64233117,"T":1534529124881,"m":true}, {"a":56960898,"p":"6486.35000000","q":"0.00598600","f":64233118,"l":64233118,"T":1534529124998,"m":true}, {"a":56960899,"p":"6486.35000000","q":"0.12894900","f":64233119,"l":64233119,"T":1534529125089,"m":true}, {"a":56960900,"p":"6486.35000000","q":"0.07105000","f":64233120,"l":64233120,"T":1534529125514,"m":true}, {"a":56960901,"p":"6487.25000000","q":"0.05375000","f":64233121,"l":64233121,"T":1534529125660,"m":false}, {"a":56960902,"p":"6487.25000000","q":"0.00180300","f":64233122,"l":64233122,"T":1534529125974,"m":false}, {"a":56960903,"p":"6486.80000000","q":"0.81702000","f":64233123,"l":64233123,"T":1534529125996,"m":false}, {"a":56960904,"p":"6487.25000000","q":"0.97806700","f":64233124,"l":64233125,"T":1534529126014,"m":false}, {"a":56960905,"p":"6487.25000000","q":"0.45508500","f":64233126,"l":64233126,"T":1534529126053,"m":false}, {"a":56960906,"p":"6487.25000000","q":"0.00000100","f":64233127,"l":64233127,"T":1534529126295,"m":true}, {"a":56960907,"p":"6487.26000000","q":"0.50000000","f":64233128,"l":64233128,"T":1534529126564,"m":false}, {"a":56960908,"p":"6487.25000000","q":"0.00586500","f":64233129,"l":64233129,"T":1534529126789,"m":true}, {"a":56960909,"p":"6487.25000000","q":"0.01233700","f":64233130,"l":64233130,"T":1534529126871,"m":true}, {"a":56960910,"p":"6487.25000000","q":"0.03467100","f":64233131,"l":64233131,"T":1534529127136,"m":true}, {"a":56960911,"p":"6488.42000000","q":"0.09996200","f":64233132,"l":64233132,"T":1534529127173,"m":false}, {"a":56960912,"p":"6488.42000000","q":"0.82332700","f":64233133,"l":64233133,"T":1534529127235,"m":false}, {"a":56960913,"p":"6487.83000000","q":"1.87481000","f":64233134,"l":64233134,"T":1534529127583,"m":false}, {"a":56960914,"p":"6488.42000000","q":"0.07395100","f":64233135,"l":64233135,"T":1534529127595,"m":false}, {"a":56960915,"p":"6488.43000000","q":"0.00105700","f":64233136,"l":64233136,"T":1534529127752,"m":false}, {"a":56960916,"p":"6488.42000000","q":"0.03698900","f":64233137,"l":64233137,"T":1534529127831,"m":true}, {"a":56960917,"p":"6488.42000000","q":"0.62811900","f":64233138,"l":64233138,"T":1534529127949,"m":true}, {"a":56960918,"p":"6488.43000000","q":"0.01033100","f":64233139,"l":64233139,"T":1534529128103,"m":false}, {"a":56960919,"p":"6488.43000000","q":"0.00561200","f":64233140,"l":64233140,"T":1534529128203,"m":false}, {"a":56960920,"p":"6489.33000000","q":"0.00350000","f":64233141,"l":64233141,"T":1534529128203,"m":false}, {"a":56960921,"p":"6490.00000000","q":"0.06738000","f":64233142,"l":64233142,"T":1534529128203,"m":false}, {"a":56960922,"p":"6488.42000000","q":"0.25818100","f":64233143,"l":64233143,"T":1534529128292,"m":true}, {"a":56960923,"p":"6487.84000000","q":"0.56765500","f":64233144,"l":64233144,"T":1534529128408,"m":false}, {"a":56960924,"p":"6490.00000000","q":"0.02528000","f":64233145,"l":64233145,"T":1534529128437,"m":false}, {"a":56960925,"p":"6486.36000000","q":"0.14151500","f":64233146,"l":64233146,"T":1534529128783,"m":true}, {"a":56960926,"p":"6486.36000000","q":"0.00100100","f":64233147,"l":64233147,"T":1534529129173,"m":true}, {"a":56960927,"p":"6489.97000000","q":"0.00199100","f":64233148,"l":64233148,"T":1534529129614,"m":false}, {"a":56960928,"p":"6486.36000000","q":"0.00156100","f":64233149,"l":64233149,"T":1534529129659,"m":true}, {"a":56960929,"p":"6486.36000000","q":"0.00156100","f":64233150,"l":64233150,"T":1534529129671,"m":true}, {"a":56960930,"p":"6486.36000000","q":"0.00156100","f":64233151,"l":64233151,"T":1534529129717,"m":true}, {"a":56960931,"p":"6488.42000000","q":"0.02510900","f":64233152,"l":64233152,"T":1534529130443,"m":false}, {"a":56960932,"p":"6488.42000000","q":"0.00000400","f":64233153,"l":64233153,"T":1534529130746,"m":false}, {"a":56960933,"p":"6489.33000000","q":"0.01249800","f":64233154,"l":64233154,"T":1534529130857,"m":true}, {"a":56960934,"p":"6489.33000000","q":"0.00601600","f":64233155,"l":64233155,"T":1534529131266,"m":true}, {"a":56960935,"p":"6489.33000000","q":"0.07523100","f":64233156,"l":64233156,"T":1534529131732,"m":true}, {"a":56960936,"p":"6489.93000000","q":"0.30000000","f":64233157,"l":64233157,"T":1534529132705,"m":false}, {"a":56960937,"p":"6489.33000000","q":"0.33305400","f":64233158,"l":64233158,"T":1534529132759,"m":true}, {"a":56960938,"p":"6489.33000000","q":"3.67563800","f":64233159,"l":64233159,"T":1534529132887,"m":true}